2007 3364
84 541 108 570 Β
127 537 187 573 83““

166 901 204 922 10

166 1182 201 1214 15

163 1765 202 1797 25

223 249 312 278 CAP.
334 249 401 278 V11.
781 249 968 281 LOGlCA.

220 368 353 396 autem
390 359 560 395 istorum
594 357 766 395 visiones
800 366 1108 405 presupponunt
1142 357 1335 393 visionem
1362 357 1462 393 lucis
1487 358 1546 394 vel

220 417 384 463 coloris;
431 426 468 453 et
507 416 643 465 aliqua
681 415 850 452 istorum
889 414 1079 452 'subtilius
1118 415 1304 452 videntur
1338 424 1375 452 et
1407 415 1545 463 aliqua

219 475 440 522 difficilius;
476 475 612 524 aliqua
635 474 767 511 subito
801 483 838 510 et
857 474 993 522 aliqua
1017 473 1255 520 successive,
1290 473 1424 522 aliqua
1452 486 1545 510 con-

218 534 303 571 fuse
350 543 386 570 et
434 533 570 582 aliqua
610 532 810 570 distincte.
857 529 861 583 Ι
897 533 956 568 Ad
1000 532 1137 568 omnia
1172 541 1307 569 tamen
1341 532 1415 568 ista
1451 544 1545 569 con-

219 592 344 629 currit
383 592 507 629 virtus
547 591 774 628 distinctiva
813 591 874 627 vel
915 602 1054 627 sensus
1088 590 1332 641 communis,
1383 590 1545 627 eliciens

218 651 396 688 diversos
429 659 542 688 actus
576 651 623 686 de
657 649 753 696 istis,
802 652 858 685 2¹¹¹
896 650 1060 685 modum
1097 649 1357 697 presentandi
1397 649 1543 697 speciei

219 722 290 758 per
329 722 369 746 se
409 708 606 746 sensibilis
639 708 723 744 sine
756 707 890 756 specie
924 707 1084 743 illorum
1120 716 1210 744 acta
1243 720 1314 755 per
1349 707 1540 744 medium.

276 767 434 810 Tercio,
476 776 570 804 nota
604 766 948 815 composicionem
985 766 1091 803 oculi
1125 778 1169 802 ex
1204 765 1330 802 tribus
1365 766 1544 802 humori-

219 828 311 869 bus:
365 825 530 872 scilicet,
585 838 628 862 ex
674 826 844 861 humore
890 824 1123 872 crystallino
1168 824 1229 860 vel
1274 823 1446 871 glaciali,
1503 837 1546 860 ex

220 886 389 921 humore
412 884 553 930 vitreo,
589 892 625 920 et
660 896 703 920 ex
736 884 909 920 humore
942 883 1172 931 albugineo.
1210 882 1366 918 Primus
1400 884 1546 918 humor

220 952 276 980 est
308 943 467 991 sperula
502 942 541 979 in
576 941 710 978 medio
744 941 850 978 oculi
884 941 1118 990 constituta,
1152 942 1201 977 ad
1235 940 1545 977 subiectandum

217 1002 405 1038 virtutem
440 1001 621 1051 visivam,
657 1001 809 1037 habens
842 1000 882 1036 in
916 999 1107 1036 anteriori
1142 1008 1255 1048 parte
1280 999 1547 1047 compressio-

218 1073 309 1097 nem
349 1059 644 1108 superficialem
685 1060 735 1095 ad
770 1059 935 1095 modum
971 1058 1172 1095 lenticule.
1220 1062 1261 1096 2⁵
1296 1059 1443 1094 humor
1490 1067 1547 1094 est

218 1118 321 1155 inter
365 1119 541 1167 primum
590 1127 625 1154 et
671 1119 897 1163 cerebrum,
956 1119 1182 1153 subrubeus
1228 1117 1266 1152 in
1313 1116 1546 1165 propinqua

219 1177 503 1226 disposicione,
539 1185 580 1212 ut
615 1189 658 1213 ex
691 1176 759 1212 illo
795 1176 863 1212 fiat
898 1177 1044 1212 humor
1069 1175 1262 1224 glacialiS.
1299 1176 1377 1211 Sed
1406 1176 1444 1211 35
1474 1177 1545 1211 hu-

220 1249 308 1272 mor
343 1245 400 1273 est
433 1235 546 1284 quasi
581 1235 639 1271 fex
674 1234 794 1283 primi
827 1234 867 1271 in
900 1234 1095 1271 anteriori
1129 1243 1244 1283 parte
1277 1233 1398 1281 oculi,
1448 1246 1543 1270 con-

219 1294 387 1331 stituens
441 1307 532 1331 cum
584 1293 709 1331 vitreo
743 1293 857 1342 quasi
891 1306 1011 1330 unam
1046 1306 1203 1342 speram
1239 1292 1544 1329 continuentem

220 1353 399 1401 primum
439 1354 666 1389 humorem.
714 1354 801 1388 Duo
842 1364 936 1399 ergo
976 1351 1085 1388 nervi
1121 1360 1264 1388 exeunt
1296 1364 1318 1387 a
1351 1350 1543 1388 lateribus

221 1411 428 1448 exterioris
472 1410 684 1448 ventriculi
730 1410 882 1447 cerebri
929 1410 1079 1447 directe
1118 1411 1167 1447 ad
1207 1411 1348 1446 ambos
1388 1410 1542 1456 oculos,

221 1470 289 1519 qui
321 1479 414 1506 sunt
447 1469 622 1518 primum
658 1482 730 1517 par
758 1481 974 1505 nervorum
1000 1468 1164 1505 concavi
1189 1468 1296 1517 pleni
1320 1468 1540 1516 spiritibus,

221 1538 258 1565 et
291 1528 425 1565 statim
460 1528 698 1565 canallisant
731 1540 771 1564 se
804 1527 986 1577 evei-sim,
1021 1528 1202 1564 exeundo
1226 1526 1334 1575 piam
1358 1536 1542 1573 matrem,

221 1588 297 1624 hoc
336 1596 392 1624 est
432 1586 661 1635 pelliculam
703 1594 864 1623 tenuem
900 1586 1169 1622 involventem
1206 1587 1414 1622 cerebrum
1450 1598 1545 1622 con-

219 1655 367 1682 textam
393 1658 435 1682 ex
460 1645 568 1682 venis
593 1654 629 1682 et
653 1644 809 1682 arteriis
844 1644 1114 1681 deferentibus
1149 1658 1170 1681 a
1195 1646 1316 1680 corde
1349 1644 1472 1680 vitam
1507 1653 1544 1680 et

220 1704 420 1753 spiritum,
456 1713 492 1740 et
516 1705 564 1740 ab
595 1712 741 1752 eppate
764 1703 1075 1743 nutrimentum.
1111 1705 1159 1740 Et
1184 1715 1254 1751 per
1282 1703 1372 1739 illos
1402 1715 1544 1739 nervos

220 1772 383 1800 vocatos
417 1762 575 1811 opticos
610 1763 843 1799 deferentur
875 1762 1030 1811 species
1064 1763 1113 1798 ad
1147 1762 1264 1799 intra.
1300 1763 1354 1797 Ex
1388 1761 1543 1810 optico-

219 1835 307 1858 rum
349 1835 442 1870 ergo
482 1820 713 1858 substancia
757 1820 886 1857 oritur
931 1821 971 1857 in
1010 1822 1129 1858 oculo
1169 1821 1247 1857 tela
1290 1832 1439 1857 aranea
1482 1821 1542 1856 vel

221 1880 353 1917 retina
388 1884 446 1918 2m
480 1893 603 1917 unam
639 1880 722 1917 eius
756 1889 929 1928 partem,
963 1892 1154 1928 separans
1189 1881 1401 1915 humorem
1444 1883 1495 1914 im
1521 1891 1543 1915 a

221 1943 285 1985 20,
333 1948 369 1975 et
406 1942 461 1975 2m
497 1939 617 1975 aliam
654 1947 861 1975 centuram
905 1948 1101 1987 utrosque
1134 1938 1288 1986 primos
1335 1939 1542 1983 humores,

221 1997 436 2034 dividendo
476 1997 565 2034 illos
606 2010 627 2033 a
661 2001 726 2046 30.
768 1997 921 2033 Deinde
960 1997 1069 2033 nervi
1104 1996 1287 2044 predicti,
1323 2005 1541 2044 antequam

163 2058 178 2090 ?
220 2055 449 2092 subintrant
489 2057 631 2092 duram
668 2064 852 2102 matrem,
889 2055 1205 2103 coniunguntur,
1250 2054 1544 2091 constituentes

219 2128 343 2150 unum
378 2127 544 2151 nervum
581 2127 823 2161 concavum3
859 2114 1006 2150 deinde
1032 2113 1199 2150 obviant
1234 2115 1332 2149 dure
1364 2113 1481 2149 matri
1507 2122 1544 2149 et

221 2173 466 2221 accipientes
511 2175 560 2209 ab
606 2186 652 2210 ea
696 2173 841 2221 pellem
889 2186 1011 2209 unam
1053 2181 1197 2209 exeunt
1230 2184 1436 2208 craneum.
1489 2173 1543 2207 Ex

220 2231 449 2268 substancia
483 2245 577 2280 ergo
601 2231 664 2280 pie
699 2231 839 2268 matris
872 2231 1076 2280 accipiunt
1100 2231 1209 2267 nervi
1233 2230 1357 2279 optici
1381 2240 1541 2267 tenuem

220 2289 452 2338 pelliculam
500 2303 543 2327 ex
583 2303 662 2338 qua
701 2290 941 2339 producitur
979 2290 1018 2327 in
1058 2291 1176 2326 oculo
1218 2293 1261 2325 2²¹
1296 2289 1432 2325 tunica
1467 2301 1543 2337 que

219 2357 388 2385 vocatur
422 2362 521 2385 uvea
554 2350 614 2385 vel
648 2348 771 2395 etina,
818 2349 1075 2385 circumdans
1109 2348 1278 2384 tercium
1316 2349 1543 2393 humorem,

220 2408 289 2443 sed
324 2420 414 2444 cum
449 2407 579 2455 nigra,
619 2407 736 2443 viridi
767 2408 827 2444 vel
857 2408 1014 2457 glauca,
1049 2407 1252 2455 perforata
1286 2407 1461 2443 rotunde
1494 2407 1544 2442 ad

220 2465 412 2516 anterius,
446 2475 488 2502 ut
522 2478 592 2514 per
625 2466 822 2514 pupillam
857 2465 1010 2513 species
1044 2465 1338 2513 ingrediantur.
1386 2466 1461 2501 Sed
1497 2466 1544 2500 de

290 2597 329 2616 21.
352 2590 498 2617 canallant
517 2590 549 2616 13.
642 2591 686 2618 28.
709 2581 807 2623 cetum
829 2590 860 2616 13.
954 2589 994 2617 35.
1016 2591 1085 2616 tina
1108 2589 1138 2616 Β.

293 2663 322 2694 5.
349 2663 484 2695 Sensus
508 2663 717 2695 communis.
752 2662 838 2694 This
866 2663 893 2693 is
919 2662 978 2694 the
1005 2673 1106 2694 sense
1133 2661 1260 2701 which,
1293 2662 1480 2702 according
1507 2668 1543 2692 to

221 2710 393 2741 medieval
421 2709 684 2752 philosophers,
717 2710 871 2741 receives
897 2709 955 2741 the
983 2710 1211 2751 impressions
1238 2708 1279 2740 of
1300 2708 1358 2740 the
1386 2707 1543 2739 different

221 2757 372 2788 external
392 2767 522 2797 senses,
541 2758 608 2788 and
629 2757 704 2788 also
723 2756 825 2788 those
844 2756 992 2798 feelings
1018 2756 1090 2788 that
1108 2756 1196 2787 arise
1219 2755 1341 2787 within
1360 2754 1417 2786 the
1436 2755 1542 2797 body.

223 2813 276 2834 2¹.
306 2804 540 2836 Canallisant.
568 2803 724 2845 Perhaps
751 2813 769 2834 a
797 2803 943 2836 mistake
962 2804 1016 2834 for
1044 2803 1240 2835 cancellani
1269 2803 1341 2843 (see
1361 2812 1437 2843 pag.
1471 2800 1543 2841 180,

221 2850 243 2881 1.
271 2850 327 2892 27)
355 2851 416 2882 but
443 2851 453 2882 1
482 2851 694 2883 understand
722 2861 791 2882 one
817 2851 915 2882 word
950 2861 986 2882 as
1014 2850 1098 2882 little
1125 2860 1161 2881 as
1187 2849 1244 2882 the
1271 2849 1386 2885 other;
1426 2849 1544 2880 unless

220 2898 418 2931 cancellare
444 2908 564 2930 means
592 2900 647 2929 “to
674 2897 805 2930 cross”.

1366 2964 1402 2986 12

1764 254 1837 289 ¹77

1598 365 1673 391 have
1693 366 1766 392 each
1790 374 1804 392 a

1562 399 1640 426 limit
1662 400 1841 428 savonrable

1666 435 1725 462 and

1563 470 1786 498 um'avourable
1808 475 1838 497 lo

1626 504 1687 532 this
1708 511 1765 533 act.

1613 539 1716 568 There
1738 550 1788 568 are

1596 583 1631 602 20
1651 583 1797 603 common

1614 609 1732 643 object>-
1753 613 1788 639 ot

1621 646 1778 673 sensation

1590 681 1751 716 perceived
1775 682 1813 717 by

1648 716 1741 750 sight,

1593 751 1630 786 by
1653 759 1759 778 means
1780 753 1814 779 os

1607 786 1725 820 colour,
1748 787 1785 814 its

1633 821 1769 860 primarv

1591 856 1701 890 object,
1724 865 1810 884 some

1597 899 1694 924 more,
1716 900 1803 920 some

1596 926 1657 953 less
1678 927 1791 963 easily:

1564 961 1616 988 but
1637 961 1687 988 the
1708 961 1838 990 interior

1563 1004 1652 1023 sense
1672 996 1698 1023 is
1721 998 1837 1025 needed

1580 1036 1610 1058 10
1632 1031 1821 1067 distinguisli

1649 1066 1744 1094 them.

1596 1101 1797 1130 Anatomical

1579 1136 1769 1172 description
1791 1139 1827 1165 of

1594 1172 1644 1198 the
1666 1172 1808 1200 different

1598 1211 1682 1241 parts
1702 1208 1737 1235 of
1754 1209 1804 1236 the

1662 1251 1732 1272 eve:

1649 1272 1688 1305 of
1701 1279 1750 1305 the

1566 1313 1742 1348 crystalline
1762 1314 1837 1348 lem,

1567 1348 1601 1375 ot*
1617 1348 1668 1375 the
1691 1348 1827 1376 vitreous

1628 1383 1687 1410 and
1709 1384 1759 1411 the

1629 1427 1766 1453 aqueous

1617 1453 1779 1485 humours,

1593 1488 1628 1515 of
1645 1489 1695 1516 the
1716 1490 1801 1523 optic

1635 1532 1754 1555 nerves,

1560 1559 1625 1586 that
1645 1567 1732 1586 cross
1753 1561 1828 1588 each

1646 1595 1743 1629 other,

1595 1634 1731 1657 traverse
1751 1631 1802 1657 the

1598 1665 1656 1700 pia
1678 1668 1788 1697 mater,

1606 1700 1665 1726 and
1688 1700 1790 1727 widen

1588 1739 1642 1762 out
1662 1735 1727 1762 into
1749 1736 1799 1762 the

1587 1770 1684 1797 retina
1706 1770 1807 1797 which

1586 1810 1742 1840 separatos
1764 1806 1814 1833 tlic-

1609 1841 1784 1876 crystallino

1616 1875 1696 1903 from
1719 1876 1769 1903 the

1584 1910 1721 1938 vin-eous
1743 1911 1802 1938 and

1605 1946 1677 1973 both
1699 1947 1779 1973 from

1585 1981 1633 2007 the
1656 1990 1794 2016 aqueous

1621 2017 1766 2043 humour.

1559 2167 1646 2203 They
1668 2168 1733 2194 take
1755 2169 1835 2196 nom

1577 2203 1626 2229 the
1643 2203 1697 2237 pia
1720 2207 1820 2230 mater

1559 2246 1574 2264 a
1595 2239 1674 2265 their
1695 2239 1834 2273 pellicule

1577 2274 1688 2300 whichv
1709 2273 1738 2300 in
1759 2274 1809 2300 the

1583 2316 1645 2343 eye.
1670 2309 1812 2335 becomes

1629 2344 1679 2370 ilie
1700 2344 1765 2375 iris,

1576 2460 1635 2485 and
1657 2459 1738 2486 from
1761 2461 1809 2487 the

1592 2495 1672 2522 dura
1693 2498 1792 2524 mater
