2007 3364
152 270 227 304 144

151 369 300 404 intinitely
323 368 409 407 rapid

170 408 348 431 movement
367 412 393 430 is

198 439 295 466 either
315 442 368 465 not

193 474 340 513 properly
361 481 377 500 a

158 509 346 544 magnltude,
369 516 404 535 or

160 545 185 570 is
205 543 408 578 impossible;

162 588 195 605 us
216 579 244 605 in
266 578 316 606 the
336 586 405 605 case

169 615 203 641 of
221 617 397 640 movement

175 649 205 675 in
226 655 332 679 vacuo,
355 647 385 674 in

180 683 280 710 which
302 683 387 709 there

181 718 283 745 would
308 718 341 744 be
363 725 379 744 a

197 752 370 780 successive

145 788 260 822 change
279 787 313 814 of
325 787 420 822 place.

179 823 230 850 but
251 822 338 857 rapid
360 823 390 849 in

188 858 238 885 the
258 857 381 892 highest

146 893 283 927 possible
299 892 418 926 degree.

162 927 188 954 It
207 928 230 954 it
252 928 286 954 be
307 926 401 954 asked

186 962 268 989 what
288 970 379 988 cause

157 997 249 1024 could
271 996 407 1031 produce

220 1033 295 1059 such
317 1039 332 1058 a
396 1065 400 1069 ⁸

145 1070 332 1099 movemeut,
353 1066 374 1093 it
395 1074 419 1092 is

144 1107 174 1129 to
196 1102 231 1128 be
252 1101 412 1128 answered

198 1137 262 1164 that
282 1136 367 1163 there

197 1171 302 1198 would
326 1171 362 1197 be

174 1210 296 1241 present
316 1206 387 1241 only
409 1240 414 1243 ἢ

153 1242 201 1268 the
222 1241 360 1276 aptitude
380 1243 411 1266 ot

190 1277 239 1303 the
260 1276 374 1303 motive

225 1319 340 1346 power.

155 1348 188 1373 In
210 1351 402 1373 movemeuts

142 1382 205 1408 that
225 1389 275 1408 are
296 1381 420 1412 violent,

160 1417 210 1443 the
230 1424 321 1442 cause
341 1415 367 1443 is
387 1423 404 1442 a

167 1450 350 1486 proportior]
373 1450 407 1477 of

157 1490 275 1521 greater
295 1494 330 1512 or
350 1485 410 1512 less

195 1521 363 1555 inequality

180 1556 315 1583 between
336 1556 386 1582 the

161 1591 283 1626 activity
303 1590 338 1617 of
354 1592 405 1617 the

156 1630 259 1653 motor
279 1626 338 1652 and
360 1625 409 1652 the

174 1662 342 1688 resistance
362 1660 397 1687 of

205 1696 255 1723 the
275 1695 362 1731 thing

214 1730 344 1763 moved;

144 1766 204 1793 and
226 1766 276 1792 the
296 1769 416 1800 greater

161 1802 211 1828 the
230 1800 408 1836 inequality,

204 1836 253 1862 the
275 1843 361 1862 more

173 1870 386 1897 considerable

158 1906 207 1933 the
227 1910 404 1944 movement

272 1949 308 1967 is.

167 1976 225 2002 But
244 1976 329 2002 there
349 1983 399 2002 are

181 2011 246 2037 also
268 2011 385 2037 natural

157 2050 361 2076 movements,
382 2045 412 2071 in

144 2080 244 2107 which
266 2081 316 2107 the
335 2080 423 2114 thing

179 2116 287 2141 moved
310 2115 384 2141 does

163 2155 214 2176 not
235 2150 334 2179 resist.
358 2150 409 2177 but

169 2186 217 2211 the
239 2184 390 2212 influcnce

169 2221 203 2246 ot'
221 2220 270 2246 the
292 2224 393 2246 motor

148 2263 219 2291 may
240 2255 274 2280 be
295 2259 415 2289 greater

163 2298 198 2316 or
221 2290 297 2316 less:
320 2298 352 2315 as
375 2290 402 2316 in

157 2326 206 2351 the
230 2330 404 2351 movement

151 2363 182 2386 ot
202 2360 251 2386 the
273 2360 414 2386 heavens.

163 2394 219 2421 hut
240 2395 261 2420 it
282 2395 307 2421 is
328 2394 408 2420 often

169 2429 352 2463 impossible
373 2434 403 2455 to

183 2472 234 2499 say
258 2465 296 2499 by
317 2464 385 2490 how

163 2500 254 2525 much
277 2499 350 2525 such
372 2507 408 2526 au

877 268 1101 300 JOHANNIS
1114 238 1314 302 -WYCLIF
1572 268 1662 296 CAP.
1684 269 1750 297 VII.

437 373 550 410 cione
575 374 708 419 medii,
741 375 800 410 vel
835 374 992 423 capitur
1024 376 1100 412 hoc
1123 388 1167 412 ex
1197 376 1318 423 dicto,
1352 376 1454 413 sieut
1486 377 1577 414 fecit
1599 379 1753 417 Aristo-

436 432 545 477 teles,
578 433 639 468 vel
671 433 910 481 supponitur
943 433 1205 482 impossibile,
1246 434 1383 482 gracia
1405 437 1644 483 argumenti.
1679 440 1751 475 Po-

436 498 512 526 test
556 490 661 526 enim
708 490 861 539 aliquid
905 491 1039 529 subito
1085 492 1237 529 moveri
1291 501 1327 529 et
1373 493 1631 542 multiplicari
1683 509 1754 544 per

437 548 633 596 quotlibet
677 549 777 593 loca,
823 551 892 586 sed
923 550 1080 586 nullum
1124 551 1202 587 tale
1248 551 1425 587 subitum
1459 560 1516 588 est
1549 566 1754 601 magnum,

437 605 493 642 sie
537 619 609 643 nec
654 606 821 655 aliquod
864 607 1107 644 indivisibile
1141 617 1198 645 est
1231 617 1442 657 quantum.
1491 610 1624 647 Posito
1659 624 1753 660 ergo

437 677 576 710 vacuo,
610 677 680 712 per
713 677 917 702 summum
951 666 1213 714 impossibile,
1254 666 1492 715 simpliciter
1524 669 1754 706 mobilietur

437 722 658 759 successivo
693 733 804 760 motu
836 723 877 760 in
910 724 977 761 illo
1011 733 1122 761 motu
1155 725 1458 762 naturalissimo
1479 724 1539 761 '2¹¹³
1564 727 1752 764 ultimum

436 780 496 816 sui
529 782 746 829 appetitus,
780 795 852 830 pro
886 782 1067 831 quolibet
1099 783 1262 819 instanti
1296 784 1544 832 acquirendo
1577 786 1755 834 quolibet

436 838 519 874 eius
552 839 783 875 indivisibili
815 840 934 877 situm
968 840 1268 881 indivisibilem.

493 898 541 932 Et
573 897 604 933 si
638 897 801 945 ponitur
840 908 972 947 partes
1018 899 1100 935 eius
1134 900 1318 936 laterales
1350 913 1432 937 non
1465 900 1650 937 resistere
1682 902 1755 938 toti

435 951 557 1005 (sicut
609 964 745 991 tamen
799 957 1069 994 communiter
1120 957 1301 1005 ponitur,
1356 971 1503 1006 proper
1555 959 1756 1007 appetitus

436 1024 572 1048 earum
606 1026 677 1061 per
710 1014 856 1051 lineam
893 1024 1042 1051 rectam
1078 1015 1396 1065 brevissitnam);
1440 1026 1476 1053 et
1509 1017 1540 1054 si
1575 1018 1755 1066 queritur

436 1071 482 1106 de
517 1071 785 1119 proporcione
819 1085 862 1109 ex
895 1086 975 1121 qua
1007 1073 1097 1109 talis
1133 1082 1264 1109 motus
1310 1084 1564 1121 causaretur3
1610 1075 1755 1112 dicitur

435 1130 543 1176 quod
584 1130 800 1178 proporcio
847 1143 890 1167 ex
936 1144 1014 1179 qua
1062 1131 1150 1168 talis
1196 1140 1328 1168 motus
1362 1142 1550 1169 causatur
1584 1146 1665 1170 non
1699 1143 1755 1170 est

434 1186 510 1222 nisi
543 1188 751 1234 ydoneitas
795 1190 856 1225 vel
900 1189 1144 1226 sufficiencia
1190 1190 1386 1226 moventis
1426 1192 1476 1227 ad
1510 1193 1752 1228 movendum

436 1245 597 1281 mobile.
632 1247 746 1282 Unde
778 1247 819 1283 in
853 1247 1027 1283 motibus
1052 1249 1356 1296 quodammodo
1379 1248 1564 1285 violentis
1588 1258 1756 1286 vocatur

436 1303 651 1351 proposcio
687 1305 849 1341 maioris
883 1305 1168 1354 inequalitatis,
1204 1306 1332 1342 maior
1362 1307 1570 1354 ydoneitas
1595 1320 1756 1344 moven-

436 1361 485 1397 tis
539 1363 588 1397 ad
645 1371 798 1399 motum
844 1377 965 1411 quam
1012 1373 1069 1400 est
1114 1364 1292 1400 resistive
1340 1367 1388 1400 ad
1434 1364 1753 1413 impediendum.

436 1421 564 1465 Unde,
612 1421 795 1469 quamvis
842 1425 973 1458 minus
1018 1431 1160 1470 potens
1205 1432 1297 1469 agat
1343 1422 1382 1458 in
1428 1424 1554 1472 magis
1600 1433 1754 1472 potens,

437 1487 602 1526 propter
648 1479 867 1516 bonitatem
914 1480 1217 1529 applicacionss,
1271 1490 1435 1529 propter
1479 1481 1753 1519 juvamentum

437 1536 715 1579 extrinsecum,
750 1539 809 1574 vel
842 1548 1009 1586 propter
1042 1538 1346 1575 difformitatem
1384 1539 1503 1589 passi7
1548 1540 1756 1588 potencia-

436 1607 539 1641 rum,
575 1604 643 1631 aut
666 1596 784 1632 aliam
811 1597 930 1633 talem
956 1610 1133 1643 causam,
1159 1610 1238 1633 non
1262 1606 1397 1634 tamen
1421 1609 1465 1634 ex
1488 1599 1757 1646 proporcione

438 1652 603 1689 minoris
648 1653 921 1702 inequalitatis
950 1652 954 1706 Ι
984 1655 1169 1703 provenit
1214 1664 1359 1701 motus,
1405 1657 1471 1692 sed
1508 1669 1551 1693 ex
1586 1670 1756 1706 propor-

437 1710 550 1747 cione
584 1712 747 1749 maioris
781 1712 1070 1761 inequalitatis⁷
1106 1725 1183 1761 que
1217 1722 1275 1749 est
1316 1713 1478 1750 maioris
1511 1714 1755 1752 sufficiencie

438 1769 632 1805 moventis
681 1772 731 1806 ad
767 1772 1007 1807 movendum
1043 1784 1163 1820 quam
1210 1781 1267 1807 est
1316 1772 1544 1809 resistencie
1577 1775 1626 1810 ad
1660 1773 1756 1810 resi-

435 1828 634 1864 stendum.

494 1885 571 1921 Alii
605 1895 735 1923 autem
773 1895 865 1923 sunt
890 1897 1021 1924 motus
1053 1901 1152 1935 pure
1186 1889 1402 1933 naturales,
1437 1888 1505 1937 qui
1539 1897 1755 1925 causantur

438 1956 480 1980 ex
514 1944 782 1992 proporcione
816 1945 979 1982 maioris
1013 1945 1301 1994 inequalitatis‚
1337 1959 1412 1995 quc
1445 1956 1504 1983 est
1528 1946 1752 1983 dominium

439 2002 636 2039 moventis
669 2015 789 2051 super
823 2013 993 2050 motum,
1027 2003 1112 2040 sine
1146 2004 1228 2040 eius
1261 2005 1557 2041 reclamacione
1580 2005 1640 2041 vel
1664 2018 1755 2053 pro-

440 2060 652 2097 hibicione.
698 2061 850 2097 Taliter
894 2062 999 2098 enim
1034 2062 1372 2111 proporcionatur
1410 2072 1543 2100 motor
1576 2063 1786 2104 celorum?

438 2120 488 2154 ad
523 2132 788 2168 quascunque
822 2129 955 2168 partes
989 2133 1127 2157 eorum
1163 2130 1312 2167 motas3
1354 2130 1391 2157 et
1422 2121 1555 2158 taliter
1587 2134 1755 2169 propor-

439 2178 622 2213 cionatur
667 2178 802 2214 anima
847 2178 1018 2227 corpori.
1066 2180 1143 2215 Sed
1176 2179 1215 2215 in
1251 2179 1386 2215 multis
1419 2179 1754 2228 proporcionihus

438 2234 521 2271 istis
554 2248 634 2271 non
670 2245 726 2272 est
761 2237 856 2273 dare
890 2238 1083 2273 excedens
1117 2246 1408 2285 etexcessumg
1455 2238 1557 2274 sicut
1590 2238 1628 2273 in
1663 2251 1754 2285 pro-

438 2294 698 2340 porcionibus
743 2295 1030 2342 quantitatum.
1078 2298 1157 2331 Nec
1205 2305 1298 2332 sunt
1342 2296 1407 2332 ille
1460 2296 1753 2344 proporciones

439 2351 682 2391 racionales:
748 2353 837 2389 ideo
888 2367 966 2389 non
1019 2353 1198 2389 abutitur
1267 2354 1447 2390 terminis
1509 2354 1575 2402 qui
1638 2362 1785 2393 vocat?¹

508 2554 526 2573 1.
546 2552 592 2572 αι’·
618 2546 648 2572 1²..
787 2555 826 2574 ιι).
850 2551 966 2573 motum
990 2547 1022 2574 E.
1149 2554 1187 2578 21,
1216 2554 1257 2573 22.
1287 2551 1371 2582 pol-P
1402 2548 1433 2574 13.
1552 2546 1597 2574 28.
1621 2547 1694 2573 dmm
1718 2547 1748 2573 l'..

437 2581 481 2615 34.
504 2584 569 2615 quffl
586 2581 616 2608 15.

513 2677 537 2696 1.
582 2665 780 2697 Velocitari.
821 2666 986 2697 Aristotle
1025 2667 1278 2697 demonstratos
1324 2676 1361 2697 as
1401 2665 1539 2696 follows
1566 2664 1623 2696 the
1661 2675 1747 2695 non-

437 2713 607 2742 existence
635 2712 675 2742 of
705 2722 722 2742 a
757 2722 919 2743 vacuum:
964 2713 994 2743 lf
1032 2712 1089 2743 the
1128 2713 1315 2743 resistant-e
1348 2712 1388 2742 οἵ
1421 2712 1479 2742 the
1518 2712 1672 2742 medium
1715 2712 1746 2741 in

437 2758 546 2789 which
578 2768 595 2788 a
621 2759 722 2797 given
749 2759 843 2800 bod)v
878 2769 1000 2790 moves
1027 2759 1055 2789 is
1080 2759 1218 2795 halx‘cd,
1252 2759 1446 2800 quartcrctl,
1480 2758 1540 2788 ἃς.
1569 2758 1625 2788 the
1652 2757 1746 2788 velo-

436 2806 499 2846 citx·
531 2812 617 2834 musi
648 2805 688 2835 bc
717 2805 881 2838 timnhlctl,
916 2806 1147 2846 qumlruplctl,
1181 2806 1246 2835 untl
1276 2816 1314 2835 so
1343 2816 1404 2835 on:
1447 2803 1526 2834 thus
1553 2816 1570 2834 η
1598 2815 1744 2835 vacuum

436 2852 537 2891 being
581 2851 774 2892 absolutely
819 2852 1039 2892 unrcsisting,
1089 2858 1289 2882 movenicnt
1336 2851 1453 2881 would
1495 2851 1536 2881 bc
1579 2849 1744 2892 intinitely

435 2898 545 2939 rapid.

1777 915 1814 935 10

1776 1194 1810 1226 15

1774 1505 1814 1526 20

1872 1667 1885 1683 b

1783 1670 1869 1711 1374

1773 1774 1811 1805 25
