2007 3364
172 281 219 316 32

215 400 397 434 iudix'idual,

204 437 263 463 and
286 440 337 462 not
358 437 407 462 the

218 470 389 498 individua!

239 505 372 532 himself.

183 1097 207 1124 3.
229 1096 288 1124 wc
309 1103 430 1122 answer

167 1134 241 1164 that,
269 1131 436 1164 according

181 1173 211 1193 to
234 1167 437 1194 Grosseteste.

197 1203 281 1228 there
303 1209 352 1227 are
373 1200 429 1226 five

224 1236 344 1271 species
365 1235 400 1261 of

215 1270 406 1298 universals:

220 1314 306 1333 some
327 1305 404 1331 exist

210 1341 312 1368 before
331 1340 411 1366 their

186 1376 350 1410 §iugulat-S,
372 1373 430 1401 and

176 1419 226 1437 are
248 1415 299 1437 not
313 1409 448 1437 founded

185 1447 213 1473 in
234 1446 316 1471 them
339 1445 390 1471 but
410 1444 439 1470 iu

213 1480 293 1512 (lod,
315 1480 344 1506 in
365 1480 414 1505 tlle

201 1516 317 1550 Angels
338 1522 373 1540 or
393 1514 422 1540 in

204 1551 253 1577 the
275 1549 422 1583 lieax‘enly

187 1584 437 1614 constellations3

191 1620 250 1646 :md
272 1620 341 1654 they
363 1619 434 1645 bear

179 1656 318 1682 different
334 1661 450 1680 names

198 1690 265 1717 The
287 1690 351 1716 tirst
373 1696 423 1714 are

223 1726 271 1751 ῐΙιιΔ
293 1723 404 1750 eterual

204 1760 300 1789 ideas,
322 1758 424 1784 which

207 1802 331 1821 assume
352 1793 423 1827 only

181 1829 279 1856 God's
300 1828 453 1855 existence

179 1864 238 1891 aud
261 1864 316 1891 His
339 1869 443 1898 power

207 1900 240 1925 ot·
259 1897 430 1934 producing

233 1938 398 1960 creatores.

213 2016 301 2050 They
323 2022 373 2041 are
395 2021 423 2039 111

228 2050 296 2077 God
319 2059 353 2076 as
374 2056 410 2074 au

228 2084 403 2112 extriusical

226 2125 343 2155 pattern
365 2119 412 2145 tor

262 2155 333 2181 l-lim
356 2159 385 2180 to

213 2190 347 2225 produce
371 2189 424 2224 [Ὗς

201 2307 272 2342 they
293 2313 432 2332 measure

212 2343 261 2368 the
284 2341 372 2375 being
393 2340 426 2366 ol‘

218 2377 332 2410 things,
360 2375 417 2401 and

232 2420 276 2437 we
297 2415 409 2437 cannot

214 2447 304 2472 know
323 2446 426 2478 things

187 2482 295 2515 rigbtlv
316 2481 444 2506 without

186 2512 331 2550 knowing
351 2516 444 2541 them.

886 283 1110 316 JOHANNIS
1136 283 1321 315 WYCLIF
1617 279 1706 306 CAP.
1727 278 1764 305 ΙΙ.

457 401 558 428 tates
582 391 901 438 distingwuntur.
937 391 1102 425 Possum
1129 388 1235 424 enim
1260 387 1373 424 odire
1396 389 1504 436 quod
1528 388 1592 424 ille
1615 396 1765 436 peccat,

457 451 517 487 vel
550 457 759 497 peccatum
794 447 911 493 illius,
945 448 1053 495 quod
1086 446 1192 482 idem
1226 455 1302 491 est3
1337 454 1375 482 et
1396 455 1532 482 tamen
1555 459 1635 482 non
1658 445 1769 482 odire

459 509 526 544 sed
571 518 708 543 amare
754 506 898 554 ipsum.
946 506 995 541 Et
1033 504 1088 541 sic
1126 517 1290 553 possum
1330 503 1516 551 ignorare
1556 505 1664 552 quod
1704 503 1769 539 ille

460 575 518 602 est
564 573 690 613 pater,
735 564 795 599 vel
839 563 1123 611 paternitatem
1172 562 1268 607 eius,
1317 563 1425 609 quod
1464 562 1570 598 idem
1611 570 1684 607 est·,
1733 569 1770 597 et

459 633 595 660 tamen
626 635 708 658 non
741 622 926 669 ignorare
958 621 1090 668 ipsum
1125 633 1221 666 esse,
1255 621 1364 668 quod
1398 628 1455 655 est
1485 619 1568 655 eius
1592 619 1802 655 essencia5

461 691 497 717 et
536 681 630 728 ipse.
679 679 845 716 Videtur
877 688 1013 715 tamen
1046 680 1155 726 quod
1189 691 1261 726 ego
1296 690 1377 714 non
1411 677 1533 725 diligo
1565 676 1766 713 hominem

461 752 544 775 esse
577 739 615 774 in
650 739 773 783 fovea,
807 737 881 773 nisi
916 737 1218 785 quodammodo
1243 735 1407 783 diligam
1433 748 1522 771 eum
1548 734 1769 770 dileccione

461 797 625 834 confusa
665 795 854 842 naturali,
898 796 960 831 vel
998 794 1115 831 aliter
1153 794 1396 831 inordinata.
1448 796 1529 830 Nec
1569 805 1769 840 cognosco

462 857 621 891 Petrum
662 867 735 890 nec
774 853 939 902 aliquod
973 852 1158 889 accidens
1190 852 1371 898 subiecti,
1417 851 1491 887 nisi
1527 863 1767 899 cognoscam

461 913 591 961 ipsum
625 912 864 958 subiectum,
899 924 988 948 cum
1011 923 1130 947 omne
1163 911 1241 946 tale
1274 910 1459 946 accidens
1482 909 1531 945 sit
1560 909 1768 945 subiectum
1791 920 1830 940 10

461 971 684 1019 aliqualiter
715 970 1007 1006 accidentaliter
1037 982 1077 1004 se
1109 969 1263 1004 habere.
1298 969 1375 1004 Sed
1409 969 1456 1003 de
1490 967 1573 1003 istis
1607 976 1771 1003 actenus

461 1029 646 1065 sufficiat.

521 1089 581 1122 Ad
627 1087 682 1122 31η
723 1085 870 1122 dicitur
914 1086 1021 1133 quod
1068 1094 1126 1121 est
1166 1086 1259 1120 dare
1300 1083 1539 1119 universalia
1580 1096 1621 1119 ex
1661 1091 1774 1130 parte

463 1145 532 1189 rei,
567 1154 603 1180 et
637 1146 711 1180 hoc
745 1145 964 1180 secundum
1003 1143 1182 1191 quinque
1216 1143 1376 1190 gradus,
1410 1150 1452 1177 ut
1476 1143 1591 1177 docet
1617 1141 1774 1176 Lincol-

462 1202 611 1239 niensis
641 1202 772 1250 primo
801 1201 1085 1251 posteriorum.
1119 1201 1263 1249 Aliqua
1288 1200 1393 1236 enim
1417 1208 1508 1235 sunt
1531 1198 1770 1235 universalia
1796 1202 1830 1232 15

464 1261 614 1309 priora,
668 1261 936 1308 singularibus
989 1259 1332 1307 corruptibilibus,
1386 1270 1468 1293 non
1520 1258 1687 1293 fundata
1735 1255 1774 1291 in

465 1319 574 1367 ipsis.
610 1321 657 1354 Et
690 1320 766 1354 hoc
800 1317 1032 1366 dupliciter:
1066 1318 1126 1353 vel
1160 1318 1266 1365 quod
1300 1316 1377 1352 sint
1408 1315 1588 1352 raciones
1613 1315 1775 1350 fundate

465 1377 505 1412 in
540 1379 613 1413 deo
646 1377 730 1412 sine
763 1377 926 1413 alterius
960 1375 1201 1423 indigencia,
1235 1375 1295 1410 vel
1324 1374 1363 1409 in
1388 1373 1682 1421 intelligenciiS,
1715 1372 1775 1407 vel

470 1436 511 1470 3⁰
548 1435 586 1470 in
618 1433 998 1471 constellacionibus
1022 1433 1245 1470 celestibus.
1278 1434 1427 1468 Omnes
1451 1431 1555 1468 enim
1580 1430 1776 1466 manieres

465 1493 748 1529 universalium
782 1501 976 1529 vocantur
1013 1493 1125 1540 ydee,
1172 1492 1231 1527 vel
1266 1491 1392 1527 forma
1426 1490 1683 1537 exemplares,
1717 1489 1834 1523 vel20

467 1551 664 1597 raciones,
714 1550 885 1597 numeri,
930 1559 998 1586 aut
1043 1549 1242 1598 principia
1287 1548 1536 1597 producendi
1577 1556 1644 1584 aut
1685 1559 1776 1582 cau-

466 1609 579 1646 sandi
612 1610 685 1646 ista
719 1608 1033 1656 corrruptibilia.
1069 1611 1117 1644 Et
1151 1607 1278 1656 prime
1312 1616 1404 1642 sunt
1436 1607 1523 1642 idee
1557 1614 1704 1650 eterne,
1739 1613 1775 1639 et

467 1677 659 1704 vocantur
698 1680 719 1703 a
755 1666 1024 1703 Lincolniensi
1064 1665 1357 1702 concreatrices
1396 1664 1464 1705 rei,
1514 1676 1587 1700 nec
1620 1671 1776 1710 ponunt

468 1726 575 1761 aliud
621 1725 694 1761 nisi
740 1727 857 1761 deum
905 1737 1001 1771 esse,
1047 1733 1083 1760 et
1127 1724 1223 1760 talia
1268 1735 1384 1771 posse
1429 1721 1595 1770 produci
1641 1734 1663 1757 a
1702 1721 1775 1755 deo

469 1785 687 1820 secundum
734 1783 916 1819 ordinem
958 1782 1136 1818 debitum
1179 1791 1215 1818 et
1255 1793 1500 1826 mensuram,
1545 1788 1589 1815 ut
1628 1779 1833 1827 produ-23

471 1842 641 1878 cibilitas
682 1841 856 1877 hominis
895 1840 935 1876 in
970 1842 1044 1876 deo
1077 1849 1191 1886 esset,
1238 1839 1419 1888 quamvis
1453 1851 1533 1874 non
1567 1846 1667 1873 esset
1700 1835 1777 1872 alia

471 1899 648 1936 essencia
672 1908 806 1947 preter
829 1901 963 1945 deum,
999 1911 1088 1935 cum
1113 1898 1162 1934 sit
1186 1907 1373 1934 coeterna
1398 1905 1435 1933 et
1458 1896 1777 1943 correspondens

469 1957 716 2006 producitati
750 1957 826 2004 dei,
860 1957 961 1993 sicut
995 1966 1183 1993 coeterna
1208 1969 1296 1992 cum
1322 1957 1396 1991 deo
1420 1963 1477 1991 est
1500 1954 1589 1990 talis
1611 1953 1776 1990 veritas:

470 2017 541 2052 ista
582 2023 745 2065 possunt
784 2016 961 2051 ordinate
995 2015 1174 2064 produci.
1223 2016 1304 2050 Nec
1348 2022 1480 2062 potest
1523 2012 1588 2048 illa
1633 2010 1779 2047 veritas

471 2074 579 2122 poni,
627 2074 702 2109 nisi
747 2074 787 2109 in
836 2075 910 2109 deo
955 2073 1023 2121 qui
1062 2082 1119 2109 est
1158 2073 1300 2120 plenus
1339 2071 1519 2117 veritate,
1565 2069 1640 2105 nisi
1680 2069 1780 2104 forte
1797 2074 1838 2106 30

471 2132 661 2180 equivoce
695 2132 744 2167 sit
777 2131 817 2167 in
851 2131 952 2177 aliis,
987 2131 1027 2167 in
1060 2131 1204 2179 quibus
1238 2140 1296 2166 est
1329 2131 1437 2166 deus.
1473 2131 1520 2164 Et
1553 2136 1691 2163 notum
1724 2134 1780 2162 est

472 2192 579 2238 quod
624 2189 691 2225 illa
736 2189 843 2225 racio
883 2198 940 2225 est
980 2190 1181 2236 exemplar
1221 2188 1484 2224 extrinsecum
1526 2185 1632 2222 iuxta
1672 2185 1781 2232 quod

472 2250 568 2284 deus
619 2247 818 2295 producit,
864 2260 954 2283 cum
1000 2260 1079 2283 non
1124 2247 1249 2295 possit
1293 2247 1515 2294 producere
1560 2244 1661 2295 illas,
1707 2241 1781 2278 nisi

471 2307 691 2343 secundum
716 2318 827 2341 suam
854 2305 1200 2353 producivitatem.
1233 2305 1325 2340 Ideo
1359 2312 1450 2339 sunt
1484 2314 1600 2338 cause
1634 2299 1783 2349 princi-

470 2365 625 2412 piantes
650 2373 685 2400 et
709 2373 977 2409 numerantes,
1011 2364 1085 2399 hoc
1110 2372 1178 2407 est,
1214 2370 1491 2398 mensurantes
1524 2373 1604 2396 esse
1637 2358 1712 2404 rei,
1747 2366 1783 2394 et
1799 2363 1838 2396 35

471 2423 558 2458 illas
598 2431 756 2470 oportet
795 2434 1037 2470 cognoscere
1078 2422 1358 2469 cognoscendo
1393 2432 1465 2457 res,
1513 2418 1624 2464 Quis,
1672 2429 1782 2464 rogo,

472 2489 732 2527 cognosceret
767 2479 971 2516 hominem
1007 2479 1150 2524 debite,
1184 2478 1258 2514 nisi
1291 2477 1644 2526 precognoscendo
1677 2475 1785 2523 quod

473 2549 530 2574 est
568 2538 779 2575 causabilis
812 2551 833 2574 a
866 2539 940 2574 deo
976 2541 1032 2573 2¹¹¹
1067 2537 1241 2573 debitam
1292 2535 1565 2572 habitudinem
1601 2535 1650 2570 ad
1684 2532 1782 2569 alias

476 2606 607 2644 partes
643 2596 805 2632 mundi?
839 2605 875 2632 et
908 2596 975 2632 illa
1009 2596 1263 2632 causabilitas
1298 2604 1353 2631 est
1385 2595 1483 2641 ydea
1517 2591 1635 2641 primi
1662 2590 1783 2627 modi.

1456 2777 1464 2793 1

545 2811 578 2829 11.
601 2802 703 2837 a'quw·
725 2809 801 2829 accir
824 2802 857 2829 Β.
967 2802 1008 2828 ιύ.
1030 2800 1183 2835 coruptib⁹
1205 2800 1236 2827 Β.
1346 2807 1384 2826 21.
1419 2804 1558 2833 (pnsspro
1580 2797 1732 2832 principia
1754 2796 1786 2822 Β.

476 2860 519 2889 23.
542 2862 592 2889 r’rl
612 2869 670 2893 pro
694 2860 733 2887 rei
757 2860 789 2886 Β.
904 2859 951 2886 26.
973 2868 1039 2886 esse
1061 2859 1092 2885 13.
1212 2858 1256 2885 28.
1280 2857 1436 2893 producite
1457 2856 1490 2883 Β.
1610 2854 1655 2887 34.
1678 2846 1787 2888 (Tapro

477 2917 567 2934 cause
588 2908 620 2934 Β.
696 2906 738 2934 35.
763 2908 817 2934 r'r'
834 2914 894 2941 pro
916 2907 954 2932 rei
978 2909 1009 2932 b'.
