<?xml version="1.0" encoding="UTF-8"?>
<!DOCTYPE html PUBLIC "-//W3C//DTD XHTML 1.0 Transitional//EN"
    "http://www.w3.org/TR/xhtml1/DTD/xhtml1-transitional.dtd">
<html xmlns="http://www.w3.org/1999/xhtml" xml:lang="en" lang="en">
 <head>
  <title>
</title>
<meta http-equiv="Content-Type" content="text/html;charset=utf-8" />
  <meta name='ocr-system' content='tesseract 3.04.00' />
  <meta name='ocr-capabilities' content='ocr_page ocr_carea ocr_par ocr_line ocrx_word'/>
</head>
<body>
  <div class='ocr_page' id='page_1' title='image "./johanniswycliftr1402wycl/johanniswycliftr1402wycl_0256.png"; bbox 0 0 2007 3364; ppageno 0'>
   <div class='ocr_carea' id='block_1_1' title="bbox 177 261 253 286">
    <p class='ocr_par' dir='ltr' id='par_1_1' title="bbox 177 261 253 286">
     <span class='ocr_line' id='line_1_1' title="bbox 177 261 197 286; textangle 90"><span class='ocrx_word' id='word_1_1' title='bbox 177 261 197 286; x_wconf 70' lang='grc' dir='ltr'><em>ω</em></span> 
     </span>
     <span class='ocr_line' id='line_1_2' title="bbox 205 264 228 286; textangle 90"><span class='ocrx_word' id='word_1_2' title='bbox 205 264 228 286; x_wconf 89' lang='lat'><em>0</em></span> 
     </span>
     <span class='ocr_line' id='line_1_3' title="bbox 234 261 253 286; textangle 90"><span class='ocrx_word' id='word_1_3' title='bbox 234 261 253 286; x_wconf 72' lang='grc' dir='ltr'>ιο</span> 
     </span>
    </p>
   </div>
   <div class='ocr_carea' id='block_1_2' title="bbox 184 835 472 2637">
    <p class='ocr_par' dir='ltr' id='par_1_2' title="bbox 189 835 442 937">
     <span class='ocr_line' id='line_1_4' title="bbox 230 835 401 863; baseline -0.023 0"><span class='ocrx_word' id='word_1_4' title='bbox 230 835 331 863; x_wconf 80' lang='lat' dir='ltr'>There</span> <span class='ocrx_word' id='word_1_5' title='bbox 353 841 401 860; x_wconf 89' lang='lat' dir='ltr'>are</span> 
     </span>
     <span class='ocr_line' id='line_1_5' title="bbox 189 871 442 897; baseline -0.02 1"><span class='ocrx_word' id='word_1_6' title='bbox 189 871 277 897; x_wconf 82' lang='lat' dir='ltr'>other</span> <span class='ocrx_word' id='word_1_7' title='bbox 298 875 442 896; x_wconf 85' lang='lat' dir='ltr'>manners</span> 
     </span>
     <span class='ocr_line' id='line_1_6' title="bbox 193 904 438 937; baseline -0.012 -5"><span class='ocrx_word' id='word_1_8' title='bbox 193 907 226 932; x_wconf 74' lang='lat' dir='ltr'>of</span> <span class='ocrx_word' id='word_1_9' title='bbox 245 904 370 937; x_wconf 81' lang='lat' dir='ltr'>eluding</span> <span class='ocrx_word' id='word_1_10' title='bbox 389 904 438 929; x_wconf 78' lang='lat' dir='ltr'>tlie</span> 
     </span>
    </p>

    <p class='ocr_par' dir='ltr' id='par_1_3' title="bbox 235 939 396 973">
     <span class='ocr_line' id='line_1_7' title="bbox 235 939 396 973; baseline -0.019 -6"><span class='ocrx_word' id='word_1_11' title='bbox 235 939 396 973; x_wconf 68' lang='lat' dir='ltr'>difficulty.</span> 
     </span>
    </p>

    <p class='ocr_par' dir='ltr' id='par_1_4' title="bbox 184 975 457 1108">
     <span class='ocr_line' id='line_1_8' title="bbox 211 975 423 1010; baseline -0.014 -9"><span class='ocrx_word' id='word_1_12' title='bbox 211 985 230 1002; x_wconf 78' lang='lat' dir='ltr'>r.</span> <span class='ocrx_word' id='word_1_13' title='bbox 252 976 294 1010; x_wconf 73' lang='lat' dir='ltr'>By</span> <span class='ocrx_word' id='word_1_14' title='bbox 315 975 423 1009; x_wconf 71' lang='lat' dir='ltr'>saying</span> 
     </span>
     <span class='ocr_line' id='line_1_9' title="bbox 198 1009 435 1038; baseline -0.021 0"><span class='ocrx_word' id='word_1_15' title='bbox 198 1012 262 1038; x_wconf 77' lang='lat' dir='ltr'>that</span> <span class='ocrx_word' id='word_1_16' title='bbox 282 1018 298 1036; x_wconf 77' lang='lat' dir='ltr'>a</span> <span class='ocrx_word' id='word_1_17' title='bbox 319 1016 387 1035; x_wconf 78' lang='lat' dir='ltr'>man</span> <span class='ocrx_word' id='word_1_18' title='bbox 410 1009 435 1034; x_wconf 83' lang='lat' dir='ltr'>is</span> 
     </span>
     <span class='ocr_line' id='line_1_10' title="bbox 184 1043 457 1079; baseline -0.018 -6"><span class='ocrx_word' id='word_1_19' title='bbox 184 1051 246 1079; x_wconf 87' lang='lat' dir='ltr'>not,</span> <span class='ocrx_word' id='word_1_20' title='bbox 270 1045 321 1071; x_wconf 86' lang='lat' dir='ltr'>but</span> <span class='ocrx_word' id='word_1_21' title='bbox 341 1044 367 1070; x_wconf 87' lang='lat' dir='ltr'>is</span> <span class='ocrx_word' id='word_1_22' title='bbox 388 1043 457 1077; x_wconf 63' lang='lat' dir='ltr'>onl)¹</span> 
     </span>
     <span class='ocr_line' id='line_1_11' title="bbox 188 1079 450 1108; baseline -0.023 0"><span class='ocrx_word' id='word_1_23' title='bbox 188 1079 290 1108; x_wconf 72' lang='lat' dir='ltr'>called</span> <span class='ocrx_word' id='word_1_24' title='bbox 309 1079 450 1107; x_wconf 83' lang='lat' dir='ltr'>Socrates</span> 
     </span>
    </p>

    <p class='ocr_par' dir='ltr' id='par_1_5' title="bbox 226 1114 418 1323">
     <span class='ocr_line' id='line_1_12' title="bbox 292 1114 347 1141; baseline 0 0"><span class='ocrx_word' id='word_1_25' title='bbox 292 1114 347 1141; x_wconf 66' lang='lat' dir='ltr'>&amp;c</span> 
     </span>
     <span class='ocr_line' id='line_1_13' title="bbox 257 1148 385 1176; baseline -0.016 0"><span class='ocrx_word' id='word_1_26' title='bbox 257 1157 281 1176; x_wconf 82' lang='lat'>2.</span> <span class='ocrx_word' id='word_1_27' title='bbox 303 1148 385 1176; x_wconf 81' lang='lat' dir='ltr'>That</span> 
     </span>
     <span class='ocr_line' id='line_1_14' title="bbox 234 1183 408 1211; baseline -0.017 0"><span class='ocrx_word' id='word_1_28' title='bbox 234 1183 408 1211; x_wconf 77' lang='lat' dir='ltr'>successive</span> 
     </span>
     <span class='ocr_line' id='line_1_15' title="bbox 236 1219 402 1254; baseline -0.012 -8"><span class='ocrx_word' id='word_1_29' title='bbox 236 1219 346 1254; x_wconf 86' lang='lat' dir='ltr'>speech</span> <span class='ocrx_word' id='word_1_30' title='bbox 367 1225 402 1244; x_wconf 89' lang='lat' dir='ltr'>or</span> 
     </span>
     <span class='ocr_line' id='line_1_16' title="bbox 238 1253 403 1282; baseline -0.018 -1"><span class='ocrx_word' id='word_1_31' title='bbox 238 1254 356 1282; x_wconf 87' lang='lat' dir='ltr'>motion</span> <span class='ocrx_word' id='word_1_32' title='bbox 377 1253 403 1279; x_wconf 90' lang='lat' dir='ltr'>is</span> 
     </span>
     <span class='ocr_line' id='line_1_17' title="bbox 226 1287 418 1323; baseline -0.021 -7"><span class='ocrx_word' id='word_1_33' title='bbox 226 1287 418 1323; x_wconf 78' lang='lat' dir='ltr'>impossible.</span> 
     </span>
    </p>

    <p class='ocr_par' dir='ltr' id='par_1_6' title="bbox 201 1322 444 1357">
     <span class='ocr_line' id='line_1_18' title="bbox 201 1322 444 1357; baseline -0.016 -5"><span class='ocrx_word' id='word_1_34' title='bbox 201 1324 226 1352; x_wconf 78' lang='lat'>3.</span> <span class='ocrx_word' id='word_1_35' title='bbox 247 1324 339 1357; x_wconf 77' lang='lat' dir='ltr'>Tnat,</span> <span class='ocrx_word' id='word_1_36' title='bbox 360 1322 444 1349; x_wconf 72' lang='lat' dir='ltr'>there</span> 
     </span>
    </p>

    <p class='ocr_par' dir='ltr' id='par_1_7' title="bbox 248 1359 398 1396">
     <span class='ocr_line' id='line_1_19' title="bbox 248 1359 398 1396; baseline -0.013 -11"><span class='ocrx_word' id='word_1_37' title='bbox 248 1359 338 1393; x_wconf 81' lang='lat' dir='ltr'>being</span> <span class='ocrx_word' id='word_1_38' title='bbox 358 1365 398 1396; x_wconf 80' lang='lat' dir='ltr'>no</span> 
     </span>
    </p>

    <p class='ocr_par' dir='ltr' id='par_1_8' title="bbox 231 1400 419 1425">
     <span class='ocr_line' id='line_1_20' title="bbox 231 1400 419 1425; baseline -0.011 -5"><span class='ocrx_word' id='word_1_39' title='bbox 231 1400 419 1425; x_wconf 73' lang='lat' dir='ltr'>Successmn,</span> 
     </span>
    </p>

    <p class='ocr_par' dir='ltr' id='par_1_9' title="bbox 223 1427 429 1595">
     <span class='ocr_line' id='line_1_21' title="bbox 256 1427 386 1462; baseline -0.015 -7"><span class='ocrx_word' id='word_1_40' title='bbox 256 1427 386 1462; x_wconf 77' lang='lat' dir='ltr'>nothing</span> 
     </span>
     <span class='ocr_line' id='line_1_22' title="bbox 238 1470 413 1494; baseline -0.011 -4"><span class='ocrx_word' id='word_1_41' title='bbox 238 1471 292 1490; x_wconf 84' lang='lat' dir='ltr'>can</span> <span class='ocrx_word' id='word_1_42' title='bbox 314 1470 413 1494; x_wconf 75' lang='lat' dir='ltr'>move,</span> 
     </span>
     <span class='ocr_line' id='line_1_23' title="bbox 223 1496 429 1532; baseline -0.015 -7"><span class='ocrx_word' id='word_1_43' title='bbox 223 1498 341 1532; x_wconf 72' lang='lat' dir='ltr'>though</span> <span class='ocrx_word' id='word_1_44' title='bbox 363 1496 383 1523; x_wconf 89' lang='lat' dir='ltr'>it</span> <span class='ocrx_word' id='word_1_45' title='bbox 403 1496 429 1523; x_wconf 88' lang='lat' dir='ltr'>is</span> 
     </span>
     <span class='ocr_line' id='line_1_24' title="bbox 232 1533 419 1568; baseline -0.011 -9"><span class='ocrx_word' id='word_1_46' title='bbox 232 1533 369 1568; x_wconf 73' lang='lat' dir='ltr'>possible</span> <span class='ocrx_word' id='word_1_47' title='bbox 390 1536 419 1558; x_wconf 86' lang='lat' dir='ltr'>to</span> 
     </span>
     <span class='ocr_line' id='line_1_25' title="bbox 239 1566 416 1595; baseline -0.011 0"><span class='ocrx_word' id='word_1_48' title='bbox 239 1569 273 1595; x_wconf 81' lang='lat' dir='ltr'>be</span> <span class='ocrx_word' id='word_1_49' title='bbox 294 1566 416 1594; x_wconf 79' lang='lat' dir='ltr'>moved.</span> 
     </span>
    </p>

    <p class='ocr_par' dir='ltr' id='par_1_10' title="bbox 197 1603 458 1673">
     <span class='ocr_line' id='line_1_26' title="bbox 206 1603 446 1641; baseline -0.004 -12"><span class='ocrx_word' id='word_1_50' title='bbox 206 1613 235 1637; x_wconf 71' lang='lat'>4.</span> <span class='ocrx_word' id='word_1_51' title='bbox 255 1603 446 1641; x_wconf 43' lang='grc' dir='ltr'>Τὴῆῐ-εγεῑγ</span> 
     </span>
     <span class='ocr_line' id='line_1_27' title="bbox 197 1642 458 1673; baseline -0.011 -8"><span class='ocrx_word' id='word_1_52' title='bbox 197 1642 404 1673; x_wconf 70' lang='lat' dir='ltr'>proposition,</span> <span class='ocrx_word' id='word_1_53' title='bbox 426 1644 458 1662; x_wconf 87' lang='lat' dir='ltr'>as</span> 
     </span>
    </p>

    <p class='ocr_par' dir='ltr' id='par_1_11' title="bbox 202 1671 448 1742">
     <span class='ocr_line' id='line_1_28' title="bbox 222 1671 425 1707; baseline -0.01 -8"><span class='ocrx_word' id='word_1_54' title='bbox 222 1673 244 1699; x_wconf 84' lang='lat' dir='ltr'>it</span> <span class='ocrx_word' id='word_1_55' title='bbox 265 1671 425 1707; x_wconf 66' lang='lat' dir='ltr'>primarily</span> 
     </span>
     <span class='ocr_line' id='line_1_29' title="bbox 202 1706 448 1742; baseline -0.008 -8"><span class='ocrx_word' id='word_1_56' title='bbox 202 1707 336 1742; x_wconf 78' lang='lat' dir='ltr'>signilies</span> <span class='ocrx_word' id='word_1_57' title='bbox 356 1706 448 1740; x_wconf 83' lang='lat' dir='ltr'>itself,</span> 
     </span>
    </p>

    <p class='ocr_par' dir='ltr' id='par_1_12' title="bbox 263 1742 384 1768">
     <span class='ocr_line' id='line_1_30' title="bbox 263 1742 384 1768; baseline -0.017 0"><span class='ocrx_word' id='word_1_58' title='bbox 263 1742 288 1768; x_wconf 84' lang='lat' dir='ltr'>is</span> <span class='ocrx_word' id='word_1_59' title='bbox 308 1747 384 1768; x_wconf 81' lang='lat' dir='ltr'>true.</span> 
     </span>
    </p>

    <p class='ocr_par' dir='ltr' id='par_1_13' title="bbox 196 1776 465 1882">
     <span class='ocr_line' id='line_1_31' title="bbox 237 1776 423 1803; baseline -0.011 0"><span class='ocrx_word' id='word_1_60' title='bbox 237 1776 260 1803; x_wconf 81' lang='lat'>5.</span> <span class='ocrx_word' id='word_1_61' title='bbox 282 1776 363 1803; x_wconf 74' lang='lat' dir='ltr'>Thai</span> <span class='ocrx_word' id='word_1_62' title='bbox 384 1784 423 1802; x_wconf 86' lang='lat' dir='ltr'>no</span> 
     </span>
     <span class='ocr_line' id='line_1_32' title="bbox 212 1811 441 1845; baseline -0.009 -7"><span class='ocrx_word' id='word_1_63' title='bbox 212 1811 355 1845; x_wconf 71' lang='lat' dir='ltr'>meaning</span> <span class='ocrx_word' id='word_1_64' title='bbox 376 1811 409 1837; x_wconf 73' lang='lat' dir='ltr'>of</span> <span class='ocrx_word' id='word_1_65' title='bbox 426 1818 441 1836; x_wconf 84' lang='lat' dir='ltr'>a</span> 
     </span>
     <span class='ocr_line' id='line_1_33' title="bbox 196 1846 465 1882; baseline -0.007 -9"><span class='ocrx_word' id='word_1_66' title='bbox 196 1846 390 1882; x_wconf 85' lang='lat' dir='ltr'>proposition</span> <span class='ocrx_word' id='word_1_67' title='bbox 412 1853 465 1871; x_wconf 78' lang='lat' dir='ltr'>can</span> 
     </span>
    </p>

    <p class='ocr_par' dir='ltr' id='par_1_14' title="bbox 212 1879 445 1951">
     <span class='ocr_line' id='line_1_34' title="bbox 231 1879 426 1908; baseline -0.005 -1"><span class='ocrx_word' id='word_1_68' title='bbox 231 1882 265 1907; x_wconf 86' lang='lat' dir='ltr'>be</span> <span class='ocrx_word' id='word_1_69' title='bbox 287 1879 426 1908; x_wconf 81' lang='lat' dir='ltr'>reflected</span> 
     </span>
     <span class='ocr_line' id='line_1_35' title="bbox 212 1915 445 1951; baseline -0.009 -8"><span class='ocrx_word' id='word_1_70' title='bbox 212 1924 295 1951; x_wconf 87' lang='lat' dir='ltr'>upon</span> <span class='ocrx_word' id='word_1_71' title='bbox 316 1915 401 1942; x_wconf 79' lang='lat' dir='ltr'>itself</span> <span class='ocrx_word' id='word_1_72' title='bbox 418 1919 445 1941; x_wconf 81' lang='lat' dir='ltr'>at</span> 
     </span>
    </p>

    <p class='ocr_par' dir='ltr' id='par_1_15' title="bbox 203 1951 458 2013">
     <span class='ocr_line' id='line_1_36' title="bbox 255 1951 409 1977; baseline -0.006 0"><span class='ocrx_word' id='word_1_73' title='bbox 255 1951 303 1977; x_wconf 77' lang='lat' dir='ltr'>the</span> <span class='ocrx_word' id='word_1_74' title='bbox 324 1958 409 1977; x_wconf 83' lang='lat' dir='ltr'>same</span> 
     </span>
     <span class='ocr_line' id='line_1_37' title="bbox 203 1984 458 2013; baseline -0.008 -1"><span class='ocrx_word' id='word_1_75' title='bbox 203 1986 317 2013; x_wconf 85' lang='lat' dir='ltr'>instant</span> <span class='ocrx_word' id='word_1_76' title='bbox 338 1993 370 2011; x_wconf 85' lang='lat' dir='ltr'>as</span> <span class='ocrx_word' id='word_1_77' title='bbox 391 1985 412 2011; x_wconf 84' lang='lat' dir='ltr'>it</span> <span class='ocrx_word' id='word_1_78' title='bbox 433 1984 458 2011; x_wconf 81' lang='lat' dir='ltr'>is</span> 
     </span>
    </p>

    <p class='ocr_par' dir='ltr' id='par_1_16' title="bbox 240 2019 422 2047">
     <span class='ocr_line' id='line_1_38' title="bbox 240 2019 422 2047; baseline -0.005 0"><span class='ocrx_word' id='word_1_79' title='bbox 240 2019 422 2047; x_wconf 81' lang='lat' dir='ltr'>considered</span> 
     </span>
    </p>

    <p class='ocr_par' dir='ltr' id='par_1_17' title="bbox 239 2055 417 2089">
     <span class='ocr_line' id='line_1_39' title="bbox 239 2055 417 2089; baseline -0.017 -7"><span class='ocrx_word' id='word_1_80' title='bbox 239 2055 417 2089; x_wconf 76' lang='lat' dir='ltr'>separately.</span> 
     </span>
    </p>

    <p class='ocr_par' dir='ltr' id='par_1_18' title="bbox 214 2090 453 2124">
     <span class='ocr_line' id='line_1_40' title="bbox 214 2090 453 2124; baseline -0.004 -9"><span class='ocrx_word' id='word_1_81' title='bbox 214 2090 241 2117; x_wconf 78' lang='grc' dir='ltr'>ὁ.</span> <span class='ocrx_word' id='word_1_82' title='bbox 263 2090 344 2117; x_wconf 80' lang='lat' dir='ltr'>Tliat</span> <span class='ocrx_word' id='word_1_83' title='bbox 364 2097 453 2124; x_wconf 59' lang='lat' dir='ltr'>ever)⁷</span> 
     </span>
    </p>

    <p class='ocr_par' dir='ltr' id='par_1_19' title="bbox 230 2124 434 2368">
     <span class='ocr_line' id='line_1_41' title="bbox 263 2124 401 2159; baseline -0.014 -7"><span class='ocrx_word' id='word_1_84' title='bbox 263 2124 401 2159; x_wconf 66' lang='lat' dir='ltr'>negative</span> 
     </span>
     <span class='ocr_line' id='line_1_42' title="bbox 234 2159 425 2194; baseline -0.01 -8"><span class='ocrx_word' id='word_1_85' title='bbox 234 2159 368 2194; x_wconf 65' lang='lat' dir='ltr'>sigmfies</span> <span class='ocrx_word' id='word_1_86' title='bbox 389 2166 425 2185; x_wconf 77' lang='lat' dir='ltr'>nn</span> 
     </span>
     <span class='ocr_line' id='line_1_43' title="bbox 243 2194 426 2221; baseline -0.011 0"><span class='ocrx_word' id='word_1_87' title='bbox 243 2194 426 2221; x_wconf 67' lang='lat' dir='ltr'>affirmative</span> 
     </span>
     <span class='ocr_line' id='line_1_44' title="bbox 240 2229 426 2263; baseline -0.005 -8"><span class='ocrx_word' id='word_1_88' title='bbox 240 2229 426 2263; x_wconf 55' lang='lat' dir='ltr'>megum-em</span> 
     </span>
     <span class='ocr_line' id='line_1_45' title="bbox 230 2258 434 2290; baseline -0.01 0"><span class='ocrx_word' id='word_1_89' title='bbox 230 2258 288 2290; x_wconf 70' lang='lat' dir='ltr'>und</span> <span class='ocrx_word' id='word_1_90' title='bbox 311 2264 377 2290; x_wconf 76' lang='lat' dir='ltr'>that</span> <span class='ocrx_word' id='word_1_91' title='bbox 398 2271 434 2289; x_wconf 84' lang='lat' dir='ltr'>an</span> 
     </span>
     <span class='ocr_line' id='line_1_46' title="bbox 256 2298 408 2325; baseline -0.007 0"><span class='ocrx_word' id='word_1_92' title='bbox 256 2298 408 2325; x_wconf 85' lang='lat' dir='ltr'>insoluble</span> 
     </span>
     <span class='ocr_line' id='line_1_47' title="bbox 231 2333 425 2368; baseline -0.005 -8"><span class='ocrx_word' id='word_1_93' title='bbox 231 2333 425 2368; x_wconf 83' lang='lat' dir='ltr'>proposition</span> 
     </span>
    </p>

    <p class='ocr_par' dir='ltr' id='par_1_20' title="bbox 196 2368 463 2394">
     <span class='ocr_line' id='line_1_48' title="bbox 196 2368 463 2394; baseline -0.007 0"><span class='ocrx_word' id='word_1_94' title='bbox 196 2369 220 2394; x_wconf 68' lang='lat' dir='ltr'>is</span> <span class='ocrx_word' id='word_1_95' title='bbox 242 2376 299 2394; x_wconf 87' lang='lat' dir='ltr'>one</span> <span class='ocrx_word' id='word_1_96' title='bbox 320 2368 353 2394; x_wconf 77' lang='lat' dir='ltr'>of</span> <span class='ocrx_word' id='word_1_97' title='bbox 371 2368 463 2394; x_wconf 81' lang='lat' dir='ltr'>them.</span> 
     </span>
    </p>

    <p class='ocr_par' dir='ltr' id='par_1_21' title="bbox 198 2403 472 2602">
     <span class='ocr_line' id='line_1_49' title="bbox 216 2403 448 2437; baseline -0.004 -8"><span class='ocrx_word' id='word_1_98' title='bbox 216 2411 242 2437; x_wconf 73' lang='lat'>7.</span> <span class='ocrx_word' id='word_1_99' title='bbox 264 2403 344 2429; x_wconf 75' lang='lat' dir='ltr'>Tliat</span> <span class='ocrx_word' id='word_1_100' title='bbox 365 2403 448 2429; x_wconf 78' lang='lat' dir='ltr'>there</span> 
     </span>
     <span class='ocr_line' id='line_1_50' title="bbox 217 2437 454 2464; baseline -0.004 0"><span class='ocrx_word' id='word_1_101' title='bbox 217 2438 242 2464; x_wconf 84' lang='lat' dir='ltr'>is</span> <span class='ocrx_word' id='word_1_102' title='bbox 264 2446 302 2464; x_wconf 91' lang='lat' dir='ltr'>no</span> <span class='ocrx_word' id='word_1_103' title='bbox 323 2437 405 2464; x_wconf 77' lang='lat' dir='ltr'>trutl]</span> <span class='ocrx_word' id='word_1_104' title='bbox 428 2442 454 2463; x_wconf 79' lang='lat' dir='ltr'>at</span> 
     </span>
     <span class='ocr_line' id='line_1_51' title="bbox 198 2472 472 2507; baseline -0.004 -9"><span class='ocrx_word' id='word_1_105' title='bbox 198 2473 232 2498; x_wconf 71' lang='lat' dir='ltr'>ull</span> <span class='ocrx_word' id='word_1_106' title='bbox 255 2473 284 2499; x_wconf 87' lang='lat' dir='ltr'>in</span> <span class='ocrx_word' id='word_1_107' title='bbox 306 2472 472 2507; x_wconf 68' lang='lat' dir='ltr'>iiegatixe&lt;.</span> 
     </span>
     <span class='ocr_line' id='line_1_52' title="bbox 215 2507 448 2534; baseline -0.004 -1"><span class='ocrx_word' id='word_1_108' title='bbox 215 2508 241 2533; x_wconf 65' lang='lat' dir='ltr'>S.</span> <span class='ocrx_word' id='word_1_109' title='bbox 262 2507 343 2534; x_wconf 74' lang='lat' dir='ltr'>Tliat</span> <span class='ocrx_word' id='word_1_110' title='bbox 365 2515 448 2533; x_wconf 61' lang='lat' dir='ltr'>sonu¹</span> 
     </span>
     <span class='ocr_line' id='line_1_53' title="bbox 218 2542 460 2570; baseline -0.004 -2"><span class='ocrx_word' id='word_1_111' title='bbox 218 2542 292 2568; x_wconf 67' lang='lat' dir='ltr'>such</span> <span class='ocrx_word' id='word_1_112' title='bbox 314 2550 363 2567; x_wconf 80' lang='lat' dir='ltr'>are</span> <span class='ocrx_word' id='word_1_113' title='bbox 384 2546 460 2570; x_wconf 72' lang='lat' dir='ltr'>true,</span> 
     </span>
     <span class='ocr_line' id='line_1_54' title="bbox 218 2576 454 2602; baseline 0 0"><span class='ocrx_word' id='word_1_114' title='bbox 218 2576 276 2602; x_wconf 70' lang='lat' dir='ltr'>and</span> <span class='ocrx_word' id='word_1_115' title='bbox 299 2584 384 2602; x_wconf 68' lang='lat' dir='ltr'>&gt;ome</span> <span class='ocrx_word' id='word_1_116' title='bbox 406 2584 454 2602; x_wconf 79' lang='lat' dir='ltr'>are</span> 
     </span>
    </p>

    <p class='ocr_par' dir='ltr' id='par_1_22' title="bbox 294 2611 378 2637">
     <span class='ocr_line' id='line_1_55' title="bbox 294 2611 378 2637; baseline 0 0"><span class='ocrx_word' id='word_1_117' title='bbox 294 2611 378 2637; x_wconf 67' lang='lat' dir='ltr'>false.</span> 
     </span>
    </p>
   </div>
   <div class='ocr_carea' id='block_1_3' title="bbox 899 249 1777 287">
    <p class='ocr_par' dir='ltr' id='par_1_23' title="bbox 899 249 1777 287">
     <span class='ocr_line' id='line_1_56' title="bbox 899 249 1777 287; baseline -0.009 -1"><span class='ocrx_word' id='word_1_118' title='bbox 899 256 1123 287; x_wconf 85' lang='lat' dir='ltr'><strong>JOHANNIS</strong></span> <span class='ocrx_word' id='word_1_119' title='bbox 1149 254 1334 286; x_wconf 87' lang='lat' dir='ltr'>WYCLIF</span> <span class='ocrx_word' id='word_1_120' title='bbox 1585 249 1674 277; x_wconf 77' lang='lat' dir='ltr'>CAP·</span> <span class='ocrx_word' id='word_1_121' title='bbox 1699 249 1777 276; x_wconf 89' lang='lat' dir='ltr'><strong>VIII.</strong></span> 
     </span>
    </p>
   </div>
   <div class='ocr_carea' id='block_1_4' title="bbox 465 359 1798 1743">
    <p class='ocr_par' dir='ltr' id='par_1_24' title="bbox 465 359 1785 817">
     <span class='ocr_line' id='line_1_57' title="bbox 467 359 1782 409; baseline -0.005 -10"><span class='ocrx_word' id='word_1_122' title='bbox 467 365 680 409; x_wconf 81' lang='lat' dir='ltr'>Quomodo</span> <span class='ocrx_word' id='word_1_123' title='bbox 721 374 812 409; x_wconf 83' lang='lat' dir='ltr'>ergo</span> <span class='ocrx_word' id='word_1_124' title='bbox 846 361 1111 409; x_wconf 83' lang='lat' dir='ltr'>explicaretur</span> <span class='ocrx_word' id='word_1_125' title='bbox 1144 359 1426 396; x_wconf 82' lang='lat' dir='ltr'>denominacio</span> <span class='ocrx_word' id='word_1_126' title='bbox 1458 370 1585 406; x_wconf 89' lang='lat' dir='ltr'>usque</span> <span class='ocrx_word' id='word_1_127' title='bbox 1618 359 1667 394; x_wconf 86' lang='lat' dir='ltr'>ad</span> <span class='ocrx_word' id='word_1_128' title='bbox 1702 371 1782 394; x_wconf 88' lang='lat' dir='ltr'>non</span> 
     </span>
     <span class='ocr_line' id='line_1_58' title="bbox 465 416 1783 466; baseline -0.005 -8"><span class='ocrx_word' id='word_1_129' title='bbox 465 434 545 458; x_wconf 77' lang='lat' dir='ltr'>esse</span> <span class='ocrx_word' id='word_1_130' title='bbox 576 420 769 457; x_wconf 82' lang='lat' dir='ltr'>subiecti?</span> <span class='ocrx_word' id='word_1_131' title='bbox 804 419 952 455; x_wconf 82' lang='lat' dir='ltr'>Habita</span> <span class='ocrx_word' id='word_1_132' title='bbox 987 431 1080 466; x_wconf 84' lang='lat' dir='ltr'>ergo</span> <span class='ocrx_word' id='word_1_133' title='bbox 1113 417 1302 454; x_wconf 86' lang='lat' dir='ltr'>continue</span> <span class='ocrx_word' id='word_1_134' title='bbox 1333 416 1403 453; x_wconf 84' lang='lat' dir='ltr'>tali</span> <span class='ocrx_word' id='word_1_135' title='bbox 1434 429 1554 452; x_wconf 85' lang='lat' dir='ltr'>causa</span> <span class='ocrx_word' id='word_1_136' title='bbox 1576 429 1659 452; x_wconf 89' lang='lat' dir='ltr'>non</span> <span class='ocrx_word' id='word_1_137' title='bbox 1682 416 1783 452; x_wconf 77' lang='lat' dir='ltr'>foret</span> 
     </span>
     <span class='ocr_line' id='line_1_59' title="bbox 466 474 1781 523; baseline -0.005 -8"><span class='ocrx_word' id='word_1_138' title='bbox 466 479 693 515; x_wconf 84' lang='lat' dir='ltr'>differenter</span> <span class='ocrx_word' id='word_1_139' title='bbox 737 490 844 514; x_wconf 91' lang='lat' dir='ltr'>nunc</span> <span class='ocrx_word' id='word_1_140' title='bbox 889 489 979 513; x_wconf 81' lang='lat' dir='ltr'>vera</span> <span class='ocrx_word' id='word_1_141' title='bbox 1024 484 1060 513; x_wconf 90' lang='lat' dir='ltr'>et</span> <span class='ocrx_word' id='word_1_142' title='bbox 1105 488 1211 512; x_wconf 90' lang='lat' dir='ltr'>nunc</span> <span class='ocrx_word' id='word_1_143' title='bbox 1265 475 1376 512; x_wconf 81' lang='lat' dir='ltr'>falsa.</span> <span class='ocrx_word' id='word_1_144' title='bbox 1417 477 1422 523; x_wconf 77' lang='grc' dir='ltr'>Ι</span> <span class='ocrx_word' id='word_1_145' title='bbox 1460 476 1509 510; x_wconf 91' lang='lat' dir='ltr'>Et</span> <span class='ocrx_word' id='word_1_146' title='bbox 1553 486 1597 510; x_wconf 85' lang='lat' dir='ltr'>ex</span> <span class='ocrx_word' id='word_1_147' title='bbox 1641 474 1781 510; x_wconf 90' lang='lat' dir='ltr'>eodem</span> 
     </span>
     <span class='ocr_line' id='line_1_60' title="bbox 466 532 1785 584; baseline -0.005 -12"><span class='ocrx_word' id='word_1_148' title='bbox 466 537 621 573; x_wconf 72' lang='lat' dir='ltr'>videtur</span> <span class='ocrx_word' id='word_1_149' title='bbox 669 536 776 584; x_wconf 85' lang='lat' dir='ltr'>quod</span> <span class='ocrx_word' id='word_1_150' title='bbox 815 548 897 571; x_wconf 89' lang='lat' dir='ltr'>non</span> <span class='ocrx_word' id='word_1_151' title='bbox 935 542 1013 571; x_wconf 86' lang='lat' dir='ltr'>stat</span> <span class='ocrx_word' id='word_1_152' title='bbox 1053 536 1219 571; x_wconf 83' lang='lat' dir='ltr'>eandem</span> <span class='ocrx_word' id='word_1_153' title='bbox 1259 532 1581 581; x_wconf 88' lang='lat' dir='ltr'>proposicionem</span> <span class='ocrx_word' id='word_1_154' title='bbox 1624 543 1785 567; x_wconf 83' lang='lat' dir='ltr'>manere</span> 
     </span>
     <span class='ocr_line' id='line_1_61' title="bbox 467 591 1785 643; baseline -0.004 -13"><span class='ocrx_word' id='word_1_155' title='bbox 467 608 536 643; x_wconf 89' lang='lat' dir='ltr'>per</span> <span class='ocrx_word' id='word_1_156' title='bbox 577 603 736 642; x_wconf 88' lang='lat' dir='ltr'>tempus</span> <span class='ocrx_word' id='word_1_157' title='bbox 777 605 906 641; x_wconf 89' lang='lat' dir='ltr'>neque</span> <span class='ocrx_word' id='word_1_158' title='bbox 943 605 1077 629; x_wconf 84' lang='lat' dir='ltr'>veram</span> <span class='ocrx_word' id='word_1_159' title='bbox 1112 604 1242 640; x_wconf 88' lang='lat' dir='ltr'>neque</span> <span class='ocrx_word' id='word_1_160' title='bbox 1275 591 1430 635; x_wconf 79' lang='lat' dir='ltr'>falsam,</span> <span class='ocrx_word' id='word_1_161' title='bbox 1478 599 1514 626; x_wconf 91' lang='lat' dir='ltr'>et</span> <span class='ocrx_word' id='word_1_162' title='bbox 1546 598 1683 626; x_wconf 84' lang='lat' dir='ltr'>tamen</span> <span class='ocrx_word' id='word_1_163' title='bbox 1715 601 1785 637; x_wconf 87' lang='lat' dir='ltr'>per</span> 
     </span>
     <span class='ocr_line' id='line_1_62' title="bbox 468 648 1785 700; baseline -0.005 -12"><span class='ocrx_word' id='word_1_164' title='bbox 468 654 571 688; x_wconf 88' lang='lat' dir='ltr'>idem</span> <span class='ocrx_word' id='word_1_165' title='bbox 608 661 766 700; x_wconf 85' lang='lat' dir='ltr'>tempus</span> <span class='ocrx_word' id='word_1_166' title='bbox 800 650 990 699; x_wconf 83' lang='lat' dir='ltr'>primarie</span> <span class='ocrx_word' id='word_1_167' title='bbox 1024 650 1253 698; x_wconf 73' lang='lat' dir='ltr'>significare</span> <span class='ocrx_word' id='word_1_168' title='bbox 1286 649 1387 685; x_wconf 86' lang='lat' dir='ltr'>sicut</span> <span class='ocrx_word' id='word_1_169' title='bbox 1420 656 1476 684; x_wconf 86' lang='lat' dir='ltr'>est</span> <span class='ocrx_word' id='word_1_170' title='bbox 1498 649 1559 684; x_wconf 90' lang='lat' dir='ltr'>vel</span> <span class='ocrx_word' id='word_1_171' title='bbox 1582 648 1683 684; x_wconf 88' lang='lat' dir='ltr'>sicut</span> <span class='ocrx_word' id='word_1_172' title='bbox 1705 659 1785 682; x_wconf 89' lang='lat' dir='ltr'>non</span> 
     </span>
     <span class='ocr_line' id='line_1_63' title="bbox 469 705 1784 757; baseline -0.005 -11"><span class='ocrx_word' id='word_1_173' title='bbox 469 720 544 754; x_wconf 86' lang='lat' dir='ltr'>est;</span> <span class='ocrx_word' id='word_1_174' title='bbox 605 709 833 757; x_wconf 77' lang='lat' dir='ltr'>specialiter</span> <span class='ocrx_word' id='word_1_175' title='bbox 881 721 970 744; x_wconf 89' lang='lat' dir='ltr'>cum</span> <span class='ocrx_word' id='word_1_176' title='bbox 1019 708 1172 745; x_wconf 84' lang='lat' dir='ltr'>instans</span> <span class='ocrx_word' id='word_1_177' title='bbox 1218 706 1411 753; x_wconf 84' lang='lat' dir='ltr'>temporis</span> <span class='ocrx_word' id='word_1_178' title='bbox 1456 705 1658 742; x_wconf 84' lang='lat' dir='ltr'>contineat</span> <span class='ocrx_word' id='word_1_179' title='bbox 1703 714 1784 741; x_wconf 81' lang='lat' dir='ltr'>tam</span> 
     </span>
     <span class='ocr_line' id='line_1_64' title="bbox 472 767 1228 817; baseline 0 -15"><span class='ocrx_word' id='word_1_180' title='bbox 472 769 579 817; x_wconf 73' lang='lat' dir='ltr'>prius</span> <span class='ocrx_word' id='word_1_181' title='bbox 613 781 734 815; x_wconf 81' lang='lat' dir='ltr'>quam</span> <span class='ocrx_word' id='word_1_182' title='bbox 770 767 968 816; x_wconf 77' lang='lat' dir='ltr'>posterius</span> <span class='ocrx_word' id='word_1_183' title='bbox 1001 767 1041 802; x_wconf 88' lang='lat' dir='ltr'>in</span> <span class='ocrx_word' id='word_1_184' title='bbox 1072 775 1228 802; x_wconf 81' lang='lat' dir='ltr'>natura.</span> 
     </span>
    </p>

    <p class='ocr_par' dir='ltr' id='par_1_25' title="bbox 472 821 1798 1743">
     <span class='ocr_line' id='line_1_65' title="bbox 529 821 1788 868; baseline -0.005 -6"><span class='ocrx_word' id='word_1_185' title='bbox 529 828 664 862; x_wconf 78' lang='lat' dir='ltr'>preter</span> <span class='ocrx_word' id='word_1_186' title='bbox 709 826 802 862; x_wconf 77' lang='lat' dir='ltr'>istas</span> <span class='ocrx_word' id='word_1_187' title='bbox 834 825 915 861; x_wconf 80' lang='lat' dir='ltr'>vias</span> <span class='ocrx_word' id='word_1_188' title='bbox 955 824 1089 861; x_wconf 87' lang='lat' dir='ltr'>audivi</span> <span class='ocrx_word' id='word_1_189' title='bbox 1130 825 1274 860; x_wconf 80' lang='lat' dir='ltr'>multas</span> <span class='ocrx_word' id='word_1_190' title='bbox 1314 823 1537 864; x_wconf 69' lang='lat' dir='ltr'>evasiones:</span> <span class='ocrx_word' id='word_1_191' title='bbox 1578 830 1619 857; x_wconf 91' lang='lat' dir='ltr'>ut</span> <span class='ocrx_word' id='word_1_192' title='bbox 1660 821 1788 868; x_wconf 81' lang='lat' dir='ltr'>prima</span> 
     </span>
     <span class='ocr_line' id='line_1_66' title="bbox 472 879 1790 932; baseline -0.005 -12"><span class='ocrx_word' id='word_1_193' title='bbox 472 884 568 920; x_wconf 87' lang='lat' dir='ltr'>dicit</span> <span class='ocrx_word' id='word_1_194' title='bbox 607 885 714 932; x_wconf 88' lang='lat' dir='ltr'>quod</span> <span class='ocrx_word' id='word_1_195' title='bbox 759 896 838 920; x_wconf 91' lang='lat' dir='ltr'>non</span> <span class='ocrx_word' id='word_1_196' title='bbox 873 892 929 919; x_wconf 89' lang='lat' dir='ltr'>est</span> <span class='ocrx_word' id='word_1_197' title='bbox 963 882 1150 930; x_wconf 88' lang='lat' dir='ltr'>possibile</span> <span class='ocrx_word' id='word_1_198' title='bbox 1184 881 1387 918; x_wconf 87' lang='lat' dir='ltr'>hominem</span> <span class='ocrx_word' id='word_1_199' title='bbox 1423 893 1505 917; x_wconf 90' lang='lat' dir='ltr'>esse</span> <span class='ocrx_word' id='word_1_200' title='bbox 1540 881 1695 916; x_wconf 81' lang='lat' dir='ltr'>Sortem</span> <span class='ocrx_word' id='word_1_201' title='bbox 1730 879 1790 915; x_wconf 91' lang='lat' dir='ltr'>vel</span> 
     </span>
     <span class='ocr_line' id='line_1_67' title="bbox 474 938 1790 990; baseline -0.005 -12"><span class='ocrx_word' id='word_1_202' title='bbox 474 944 696 987; x_wconf 70' lang='lat' dir='ltr'>Platonem,</span> <span class='ocrx_word' id='word_1_203' title='bbox 743 941 927 990; x_wconf 82' lang='lat' dir='ltr'>quamvis</span> <span class='ocrx_word' id='word_1_204' title='bbox 967 949 1130 977; x_wconf 85' lang='lat' dir='ltr'>vocetur</span> <span class='ocrx_word' id='word_1_205' title='bbox 1162 940 1308 977; x_wconf 79' lang='lat' dir='ltr'>taliter.</span> <span class='ocrx_word' id='word_1_206' title='bbox 1363 942 1406 975; x_wconf 73' lang='grc' dir='ltr'>2ἱι</span> <span class='ocrx_word' id='word_1_207' title='bbox 1442 938 1537 975; x_wconf 90' lang='lat' dir='ltr'>dicit</span> <span class='ocrx_word' id='word_1_208' title='bbox 1570 939 1677 986; x_wconf 88' lang='lat' dir='ltr'>quod</span> <span class='ocrx_word' id='word_1_209' title='bbox 1710 949 1790 973; x_wconf 88' lang='lat' dir='ltr'>non</span> 
     </span>
     <span class='ocr_line' id='line_1_68' title="bbox 474 996 1791 1048; baseline -0.005 -12"><span class='ocrx_word' id='word_1_210' title='bbox 474 1009 531 1036; x_wconf 91' lang='lat' dir='ltr'>est</span> <span class='ocrx_word' id='word_1_211' title='bbox 564 1000 751 1048; x_wconf 85' lang='lat' dir='ltr'>possibile</span> <span class='ocrx_word' id='word_1_212' title='bbox 784 999 894 1047; x_wconf 87' lang='lat' dir='ltr'>loqui</span> <span class='ocrx_word' id='word_1_213' title='bbox 926 999 986 1035; x_wconf 87' lang='lat' dir='ltr'>vel</span> <span class='ocrx_word' id='word_1_214' title='bbox 1018 998 1168 1034; x_wconf 88' lang='lat' dir='ltr'>moveri</span> <span class='ocrx_word' id='word_1_215' title='bbox 1202 997 1434 1036; x_wconf 81' lang='lat' dir='ltr'>successive,</span> <span class='ocrx_word' id='word_1_216' title='bbox 1479 997 1520 1032; x_wconf 70' lang='lat'>3²¹</span> <span class='ocrx_word' id='word_1_217' title='bbox 1556 996 1651 1032; x_wconf 86' lang='lat' dir='ltr'>dicit</span> <span class='ocrx_word' id='word_1_218' title='bbox 1684 996 1791 1043; x_wconf 90' lang='lat' dir='ltr'>quod</span> 
     </span>
     <span class='ocr_line' id='line_1_69' title="bbox 474 1052 1792 1106; baseline -0.005 -11"><span class='ocrx_word' id='word_1_219' title='bbox 474 1072 554 1095; x_wconf 90' lang='lat' dir='ltr'>non</span> <span class='ocrx_word' id='word_1_220' title='bbox 578 1067 635 1094; x_wconf 91' lang='lat' dir='ltr'>est</span> <span class='ocrx_word' id='word_1_221' title='bbox 667 1057 854 1106; x_wconf 82' lang='lat' dir='ltr'>possibile</span> <span class='ocrx_word' id='word_1_222' title='bbox 883 1068 1040 1092; x_wconf 84' lang='lat' dir='ltr'>movere</span> <span class='ocrx_word' id='word_1_223' title='bbox 1074 1056 1209 1104; x_wconf 84' lang='lat' dir='ltr'>aliquo</span> <span class='ocrx_word' id='word_1_224' title='bbox 1244 1064 1369 1101; x_wconf 83' lang='lat' dir='ltr'>motu,</span> <span class='ocrx_word' id='word_1_225' title='bbox 1400 1053 1580 1102; x_wconf 84' lang='lat' dir='ltr'>quamvis</span> <span class='ocrx_word' id='word_1_226' title='bbox 1604 1052 1792 1102; x_wconf 88' lang='lat' dir='ltr'>possibile</span> 
     </span>
     <span class='ocr_line' id='line_1_70' title="bbox 476 1110 1791 1162; baseline -0.005 -10"><span class='ocrx_word' id='word_1_227' title='bbox 476 1117 524 1152; x_wconf 89' lang='lat' dir='ltr'>sit</span> <span class='ocrx_word' id='word_1_228' title='bbox 560 1116 709 1152; x_wconf 88' lang='lat' dir='ltr'>moveri</span> <span class='ocrx_word' id='word_1_229' title='bbox 743 1115 826 1151; x_wconf 88' lang='lat' dir='ltr'>sine</span> <span class='ocrx_word' id='word_1_230' title='bbox 851 1123 976 1161; x_wconf 80' lang='lat' dir='ltr'>motu,</span> <span class='ocrx_word' id='word_1_231' title='bbox 1010 1114 1104 1162; x_wconf 82' lang='lat' dir='ltr'>quia</span> <span class='ocrx_word' id='word_1_232' title='bbox 1126 1126 1208 1150; x_wconf 90' lang='lat' dir='ltr'>non</span> <span class='ocrx_word' id='word_1_233' title='bbox 1232 1122 1289 1149; x_wconf 91' lang='lat' dir='ltr'>est</span> <span class='ocrx_word' id='word_1_234' title='bbox 1311 1112 1501 1160; x_wconf 85' lang='lat' dir='ltr'>possibile</span> <span class='ocrx_word' id='word_1_235' title='bbox 1526 1110 1791 1148; x_wconf 85' lang='lat' dir='ltr'>successivum</span> 
     </span>
     <span class='ocr_line' id='line_1_71' title="bbox 477 1169 1790 1220; baseline -0.005 -10"><span class='ocrx_word' id='word_1_236' title='bbox 477 1187 579 1211; x_wconf 89' lang='lat' dir='ltr'>esse:</span> <span class='ocrx_word' id='word_1_237' title='bbox 625 1183 661 1210; x_wconf 87' lang='lat' dir='ltr'>et</span> <span class='ocrx_word' id='word_1_238' title='bbox 702 1175 827 1210; x_wconf 88' lang='lat' dir='ltr'>multo</span> <span class='ocrx_word' id='word_1_239' title='bbox 868 1172 994 1220; x_wconf 81' lang='lat' dir='ltr'>magis</span> <span class='ocrx_word' id='word_1_240' title='bbox 1035 1185 1114 1208; x_wconf 93' lang='lat' dir='ltr'>non</span> <span class='ocrx_word' id='word_1_241' title='bbox 1158 1180 1215 1208; x_wconf 89' lang='lat' dir='ltr'>est</span> <span class='ocrx_word' id='word_1_242' title='bbox 1247 1170 1435 1219; x_wconf 87' lang='lat' dir='ltr'>possibile</span> <span class='ocrx_word' id='word_1_243' title='bbox 1468 1169 1790 1218; x_wconf 85' lang='lat' dir='ltr'>proposicionem</span> 
     </span>
     <span class='ocr_line' id='line_1_72' title="bbox 477 1228 1795 1277; baseline -0.005 -8"><span class='ocrx_word' id='word_1_244' title='bbox 477 1232 655 1269; x_wconf 80' lang='lat' dir='ltr'>vocalem</span> <span class='ocrx_word' id='word_1_245' title='bbox 691 1244 787 1277; x_wconf 89' lang='lat' dir='ltr'>esse,</span> <span class='ocrx_word' id='word_1_246' title='bbox 823 1244 911 1267; x_wconf 89' lang='lat' dir='ltr'>cum</span> <span class='ocrx_word' id='word_1_247' title='bbox 947 1240 1040 1266; x_wconf 90' lang='lat' dir='ltr'>tunc</span> <span class='ocrx_word' id='word_1_248' title='bbox 1074 1230 1204 1266; x_wconf 88' lang='lat' dir='ltr'>forent</span> <span class='ocrx_word' id='word_1_249' title='bbox 1238 1228 1425 1265; x_wconf 89' lang='lat' dir='ltr'>distincte</span> <span class='ocrx_word' id='word_1_250' title='bbox 1457 1240 1573 1264; x_wconf 87' lang='lat' dir='ltr'>voces</span> <span class='ocrx_word' id='word_1_251' title='bbox 1606 1239 1682 1275; x_wconf 91' lang='lat' dir='ltr'>que</span> <span class='ocrx_word' id='word_1_252' title='bbox 1714 1239 1795 1263; x_wconf 88' lang='lat' dir='ltr'>non</span> 
     </span>
     <span class='ocr_line' id='line_1_73' title="bbox 477 1285 1794 1339; baseline -0.005 -12"><span class='ocrx_word' id='word_1_253' title='bbox 477 1299 643 1339; x_wconf 81' lang='lat' dir='ltr'>possunt</span> <span class='ocrx_word' id='word_1_254' title='bbox 684 1303 756 1338; x_wconf 88' lang='lat' dir='ltr'>pro</span> <span class='ocrx_word' id='word_1_255' title='bbox 795 1290 935 1325; x_wconf 88' lang='lat' dir='ltr'>eodem</span> <span class='ocrx_word' id='word_1_256' title='bbox 971 1287 1135 1324; x_wconf 85' lang='lat' dir='ltr'>instanti</span> <span class='ocrx_word' id='word_1_257' title='bbox 1168 1286 1352 1335; x_wconf 81' lang='lat' dir='ltr'>proferri.</span> <span class='ocrx_word' id='word_1_258' title='bbox 1405 1288 1453 1322; x_wconf 87' lang='lat' dir='ltr'>Et</span> <span class='ocrx_word' id='word_1_259' title='bbox 1485 1286 1549 1322; x_wconf 91' lang='lat' dir='ltr'>ille</span> <span class='ocrx_word' id='word_1_260' title='bbox 1581 1294 1674 1322; x_wconf 90' lang='lat' dir='ltr'>sunt</span> <span class='ocrx_word' id='word_1_261' title='bbox 1705 1285 1794 1332; x_wconf 81' lang='lat' dir='ltr'>fuge</span> 
     </span>
     <span class='ocr_line' id='line_1_74' title="bbox 477 1343 1795 1396; baseline -0.005 -12"><span class='ocrx_word' id='word_1_262' title='bbox 477 1348 694 1396; x_wconf 83' lang='lat' dir='ltr'>sophistice</span> <span class='ocrx_word' id='word_1_263' title='bbox 727 1348 1065 1394; x_wconf 83' lang='lat' dir='ltr'>interrumpentes</span> <span class='ocrx_word' id='word_1_264' title='bbox 1099 1345 1338 1382; x_wconf 81' lang='lat' dir='ltr'>doctrinam.</span> <span class='ocrx_word' id='word_1_265' title='bbox 1370 1348 1415 1390; x_wconf 74' lang='lat'>4²1</span> <span class='ocrx_word' id='word_1_266' title='bbox 1441 1343 1538 1380; x_wconf 87' lang='lat' dir='ltr'>dicit</span> <span class='ocrx_word' id='word_1_267' title='bbox 1571 1344 1676 1392; x_wconf 90' lang='lat' dir='ltr'>quod</span> <span class='ocrx_word' id='word_1_268' title='bbox 1711 1355 1795 1379; x_wconf 90' lang='lat' dir='ltr'>om-</span> 
     </span>
     <span class='ocr_line' id='line_1_75' title="bbox 477 1401 1795 1454; baseline -0.005 -11"><span class='ocrx_word' id='word_1_269' title='bbox 477 1407 537 1444; x_wconf 88' lang='lat' dir='ltr'>nis</span> <span class='ocrx_word' id='word_1_270' title='bbox 570 1405 800 1454; x_wconf 85' lang='lat' dir='ltr'>proposicio</span> <span class='ocrx_word' id='word_1_271' title='bbox 834 1404 1035 1452; x_wconf 78' lang='lat' dir='ltr'>significat</span> <span class='ocrx_word' id='word_1_272' title='bbox 1066 1403 1238 1451; x_wconf 80' lang='lat' dir='ltr'>seipsam</span> <span class='ocrx_word' id='word_1_273' title='bbox 1272 1402 1463 1451; x_wconf 85' lang='lat' dir='ltr'>primarie</span> <span class='ocrx_word' id='word_1_274' title='bbox 1497 1410 1533 1438; x_wconf 92' lang='lat' dir='ltr'>et</span> <span class='ocrx_word' id='word_1_275' title='bbox 1565 1401 1621 1438; x_wconf 87' lang='lat' dir='ltr'>sic</span> <span class='ocrx_word' id='word_1_276' title='bbox 1642 1413 1795 1437; x_wconf 87' lang='lat' dir='ltr'>verum.</span> 
     </span>
     <span class='ocr_line' id='line_1_76' title="bbox 480 1458 1797 1513; baseline -0.005 -13"><span class='ocrx_word' id='word_1_277' title='bbox 480 1465 534 1513; x_wconf 65' lang='grc' dir='ltr'>5ω</span> <span class='ocrx_word' id='word_1_278' title='bbox 570 1464 667 1500; x_wconf 87' lang='lat' dir='ltr'>dicit</span> <span class='ocrx_word' id='word_1_279' title='bbox 699 1465 808 1512; x_wconf 89' lang='lat' dir='ltr'>quod</span> <span class='ocrx_word' id='word_1_280' title='bbox 839 1476 920 1499; x_wconf 89' lang='lat' dir='ltr'>non</span> <span class='ocrx_word' id='word_1_281' title='bbox 943 1471 1033 1498; x_wconf 89' lang='lat' dir='ltr'>sunt</span> <span class='ocrx_word' id='word_1_282' title='bbox 1058 1461 1338 1510; x_wconf 86' lang='lat' dir='ltr'>responsiones</span> <span class='ocrx_word' id='word_1_283' title='bbox 1361 1461 1422 1497; x_wconf 89' lang='lat' dir='ltr'>vel</span> <span class='ocrx_word' id='word_1_284' title='bbox 1444 1458 1797 1496; x_wconf 80' lang='lat' dir='ltr'>denominaciones</span> 
     </span>
     <span class='ocr_line' id='line_1_77' title="bbox 479 1517 1797 1571; baseline -0.005 -12"><span class='ocrx_word' id='word_1_285' title='bbox 479 1521 809 1571; x_wconf 86' lang='lat' dir='ltr'>proposicionum</span> <span class='ocrx_word' id='word_1_286' title='bbox 850 1522 1122 1569; x_wconf 88' lang='lat' dir='ltr'>retorquendo</span> <span class='ocrx_word' id='word_1_287' title='bbox 1164 1521 1213 1556; x_wconf 81' lang='lat' dir='ltr'>ad</span> <span class='ocrx_word' id='word_1_288' title='bbox 1247 1520 1353 1555; x_wconf 86' lang='lat' dir='ltr'>idem</span> <span class='ocrx_word' id='word_1_289' title='bbox 1388 1519 1552 1565; x_wconf 84' lang='lat' dir='ltr'>instans,</span> <span class='ocrx_word' id='word_1_290' title='bbox 1599 1530 1687 1554; x_wconf 89' lang='lat' dir='ltr'>cum</span> <span class='ocrx_word' id='word_1_291' title='bbox 1723 1517 1797 1553; x_wconf 90' lang='lat' dir='ltr'>hoc</span> 
     </span>
     <span class='ocr_line' id='line_1_78' title="bbox 480 1574 1798 1627; baseline -0.005 -10"><span class='ocrx_word' id='word_1_292' title='bbox 480 1594 559 1617; x_wconf 90' lang='lat' dir='ltr'>non</span> <span class='ocrx_word' id='word_1_293' title='bbox 593 1581 641 1616; x_wconf 91' lang='lat' dir='ltr'>sit</span> <span class='ocrx_word' id='word_1_294' title='bbox 678 1579 875 1627; x_wconf 85' lang='lat' dir='ltr'>possibile.</span> <span class='ocrx_word' id='word_1_295' title='bbox 918 1579 963 1616; x_wconf 78' lang='lat' dir='ltr'>6a</span> <span class='ocrx_word' id='word_1_296' title='bbox 995 1578 1091 1615; x_wconf 90' lang='lat' dir='ltr'>dicit</span> <span class='ocrx_word' id='word_1_297' title='bbox 1125 1579 1231 1626; x_wconf 88' lang='lat' dir='ltr'>quod</span> <span class='ocrx_word' id='word_1_298' title='bbox 1267 1576 1443 1626; x_wconf 86' lang='lat' dir='ltr'>quelibet</span> <span class='ocrx_word' id='word_1_299' title='bbox 1474 1575 1659 1624; x_wconf 79' lang='lat' dir='ltr'>negativa</span> <span class='ocrx_word' id='word_1_300' title='bbox 1691 1574 1798 1623; x_wconf 89' lang='lat' dir='ltr'>prin-</span> 
     </span>
     <span class='ocr_line' id='line_1_79' title="bbox 481 1633 1796 1687; baseline -0.005 -12"><span class='ocrx_word' id='word_1_301' title='bbox 481 1639 663 1687; x_wconf 78' lang='lat' dir='ltr'>cipaliter</span> <span class='ocrx_word' id='word_1_302' title='bbox 703 1647 739 1674; x_wconf 91' lang='lat' dir='ltr'>et</span> <span class='ocrx_word' id='word_1_303' title='bbox 778 1636 968 1686; x_wconf 85' lang='lat' dir='ltr'>primarie</span> <span class='ocrx_word' id='word_1_304' title='bbox 1008 1636 1207 1685; x_wconf 78' lang='lat' dir='ltr'>significat</span> <span class='ocrx_word' id='word_1_305' title='bbox 1246 1634 1581 1680; x_wconf 75' lang='lat' dir='ltr'>affirmacionem,</span> <span class='ocrx_word' id='word_1_306' title='bbox 1628 1642 1670 1669; x_wconf 89' lang='lat' dir='ltr'>ut</span> <span class='ocrx_word' id='word_1_307' title='bbox 1703 1633 1796 1669; x_wconf 81' lang='lat' dir='ltr'>ista:</span> 
     </span>
     <span class='ocr_line' id='line_1_80' title="bbox 481 1691 1798 1743; baseline -0.005 -10"><span class='ocrx_word' id='word_1_308' title='bbox 481 1698 594 1733; x_wconf 79' lang='lat' dir='ltr'>homo</span> <span class='ocrx_word' id='word_1_309' title='bbox 635 1709 706 1732; x_wconf 79' lang='lat' dir='ltr'>non</span> <span class='ocrx_word' id='word_1_310' title='bbox 751 1704 818 1741; x_wconf 78' lang='lat' dir='ltr'>est,</span> <span class='ocrx_word' id='word_1_311' title='bbox 865 1694 1054 1743; x_wconf 84' lang='lat' dir='ltr'>primarie</span> <span class='ocrx_word' id='word_1_312' title='bbox 1098 1694 1298 1742; x_wconf 82' lang='lat' dir='ltr'>significat</span> <span class='ocrx_word' id='word_1_313' title='bbox 1343 1693 1531 1729; x_wconf 78' lang='lat' dir='ltr'>hominem</span> <span class='ocrx_word' id='word_1_314' title='bbox 1578 1704 1670 1737; x_wconf 78' lang='lat' dir='ltr'>esse,</span> <span class='ocrx_word' id='word_1_315' title='bbox 1730 1691 1798 1726; x_wconf 87' lang='lat' dir='ltr'>sed</span> 
     </span>
    </p>
   </div>
   <div class='ocr_carea' id='block_1_5' title="bbox 481 1748 1831 1802">
    <p class='ocr_par' dir='ltr' id='par_1_26' title="bbox 481 1748 1831 1802">
     <span class='ocr_line' id='line_1_81' title="bbox 481 1748 1831 1802; baseline -0.005 -11"><span class='ocrx_word' id='word_1_316' title='bbox 481 1754 676 1802; x_wconf 77' lang='lat' dir='ltr'>negative,</span> <span class='ocrx_word' id='word_1_317' title='bbox 721 1753 822 1790; x_wconf 89' lang='lat' dir='ltr'>sicut</span> <span class='ocrx_word' id='word_1_318' title='bbox 861 1753 925 1789; x_wconf 85' lang='lat' dir='ltr'>ille</span> <span class='ocrx_word' id='word_1_319' title='bbox 968 1752 1165 1789; x_wconf 87' lang='lat' dir='ltr'>terminus</span> <span class='ocrx_word' id='word_1_320' title='bbox 1210 1750 1561 1799; x_wconf 68' lang='lat' dir='ltr'>“inintelligibile&#39;&#39;</span> <span class='ocrx_word' id='word_1_321' title='bbox 1601 1748 1831 1797; x_wconf 62' lang='lat' dir='ltr'>significat„</span> 
     </span>
    </p>
   </div>
   <div class='ocr_carea' id='block_1_6' title="bbox 484 1807 1800 1974">
    <p class='ocr_par' dir='ltr' id='par_1_27' title="bbox 484 1807 1800 1974">
     <span class='ocr_line' id='line_1_82' title="bbox 484 1807 1800 1860; baseline -0.005 -12"><span class='ocrx_word' id='word_1_322' title='bbox 484 1812 745 1860; x_wconf 71' lang='lat' dir='ltr'>intelligibile,</span> <span class='ocrx_word' id='word_1_323' title='bbox 792 1813 859 1848; x_wconf 89' lang='lat' dir='ltr'>sed</span> <span class='ocrx_word' id='word_1_324' title='bbox 899 1810 1110 1858; x_wconf 77' lang='lat' dir='ltr'>privative3</span> <span class='ocrx_word' id='word_1_325' title='bbox 1157 1819 1194 1846; x_wconf 90' lang='lat' dir='ltr'>et</span> <span class='ocrx_word' id='word_1_326' title='bbox 1232 1822 1301 1858; x_wconf 88' lang='lat' dir='ltr'>per</span> <span class='ocrx_word' id='word_1_327' title='bbox 1341 1810 1415 1845; x_wconf 89' lang='lat' dir='ltr'>hoc</span> <span class='ocrx_word' id='word_1_328' title='bbox 1455 1816 1619 1845; x_wconf 78' lang='lat' dir='ltr'>evacuat</span> <span class='ocrx_word' id='word_1_329' title='bbox 1650 1807 1800 1843; x_wconf 91' lang='lat' dir='ltr'>insolu-</span> 
     </span>
     <span class='ocr_line' id='line_1_83' title="bbox 485 1864 1800 1918; baseline -0.005 -11"><span class='ocrx_word' id='word_1_330' title='bbox 485 1871 577 1907; x_wconf 78' lang='lat' dir='ltr'>bilia</span> <span class='ocrx_word' id='word_1_331' title='bbox 610 1869 803 1918; x_wconf 81' lang='lat' dir='ltr'>negativa.</span> <span class='ocrx_word' id='word_1_332' title='bbox 839 1871 985 1905; x_wconf 72' lang='lat' dir='ltr'>Ymmo</span> <span class='ocrx_word' id='word_1_333' title='bbox 1019 1868 1115 1905; x_wconf 83' lang='lat' dir='ltr'>dicit</span> <span class='ocrx_word' id='word_1_334' title='bbox 1148 1869 1256 1916; x_wconf 89' lang='lat' dir='ltr'>quod</span> <span class='ocrx_word' id='word_1_335' title='bbox 1289 1867 1465 1915; x_wconf 86' lang='lat' dir='ltr'>quelibet</span> <span class='ocrx_word' id='word_1_336' title='bbox 1496 1866 1586 1902; x_wconf 78' lang='lat' dir='ltr'>talis</span> <span class='ocrx_word' id='word_1_337' title='bbox 1620 1864 1800 1913; x_wconf 89' lang='lat' dir='ltr'>proposi-</span> 
     </span>
     <span class='ocr_line' id='line_1_84' title="bbox 486 1923 1800 1974; baseline -0.005 -9"><span class='ocrx_word' id='word_1_338' title='bbox 486 1929 559 1971; x_wconf 64' lang='lat' dir='ltr'>cio,</span> <span class='ocrx_word' id='word_1_339' title='bbox 606 1929 673 1964; x_wconf 78' lang='lat' dir='ltr'>llec</span> <span class='ocrx_word' id='word_1_340' title='bbox 713 1941 784 1965; x_wconf 84' lang='lat' dir='ltr'>non</span> <span class='ocrx_word' id='word_1_341' title='bbox 824 1935 878 1963; x_wconf 74' lang='lat' dir='ltr'>est</span> <span class='ocrx_word' id='word_1_342' title='bbox 919 1940 1022 1972; x_wconf 74' lang='lat' dir='ltr'>vera,</span> <span class='ocrx_word' id='word_1_343' title='bbox 1069 1927 1136 1962; x_wconf 83' lang='lat' dir='ltr'>hec</span> <span class='ocrx_word' id='word_1_344' title='bbox 1168 1939 1239 1962; x_wconf 80' lang='lat' dir='ltr'>non</span> <span class='ocrx_word' id='word_1_345' title='bbox 1273 1926 1385 1962; x_wconf 73' lang='lat' dir='ltr'>habet</span> <span class='ocrx_word' id='word_1_346' title='bbox 1411 1924 1646 1974; x_wconf 76' lang='lat' dir='ltr'>primarium</span> <span class='ocrx_word' id='word_1_347' title='bbox 1679 1923 1800 1974; x_wconf 73' lang='lat' dir='ltr'>signi-</span> 
     </span>
    </p>
   </div>
   <div class='ocr_carea' id='block_1_7' title="bbox 475 1981 1801 2037">
    <p class='ocr_par' dir='ltr' id='par_1_28' title="bbox 475 1981 1801 2037">
     <span class='ocr_line' id='line_1_85' title="bbox 475 1981 1801 2037; baseline -0.005 -15"><span class='ocrx_word' id='word_1_348' title='bbox 475 1987 653 2037; x_wconf 71' lang='lat' dir='ltr'>ficatum,</span> <span class='ocrx_word' id='word_1_349' title='bbox 688 1995 761 2022; x_wconf 84' lang='lat' dir='ltr'>etc.</span> <span class='ocrx_word' id='word_1_350' title='bbox 796 1985 986 2034; x_wconf 84' lang='lat' dir='ltr'>primarie</span> <span class='ocrx_word' id='word_1_351' title='bbox 1019 1984 1217 2032; x_wconf 78' lang='lat' dir='ltr'>significat</span> <span class='ocrx_word' id='word_1_352' title='bbox 1250 1983 1357 2020; x_wconf 84' lang='lat' dir='ltr'>illam</span> <span class='ocrx_word' id='word_1_353' title='bbox 1390 1981 1730 2031; x_wconf 86' lang='lat' dir='ltr'>proposicionem,</span> <span class='ocrx_word' id='word_1_354' title='bbox 1764 1989 1801 2016; x_wconf 91' lang='lat' dir='ltr'>et</span> 
     </span>
    </p>
   </div>
   <div class='ocr_carea' id='block_1_8' title="bbox 486 2041 1803 2326">
    <p class='ocr_par' dir='ltr' id='par_1_29' title="bbox 486 2041 1803 2326">
     <span class='ocr_line' id='line_1_86' title="bbox 486 2041 1799 2093; baseline -0.004 -14"><span class='ocrx_word' id='word_1_355' title='bbox 486 2057 556 2093; x_wconf 80' lang='lat' dir='ltr'>per</span> <span class='ocrx_word' id='word_1_356' title='bbox 589 2056 836 2092; x_wconf 87' lang='lat' dir='ltr'>consequens</span> <span class='ocrx_word' id='word_1_357' title='bbox 866 2042 1057 2092; x_wconf 84' lang='lat' dir='ltr'>primarie</span> <span class='ocrx_word' id='word_1_358' title='bbox 1081 2042 1279 2090; x_wconf 82' lang='lat' dir='ltr'>significat</span> <span class='ocrx_word' id='word_1_359' title='bbox 1303 2041 1411 2077; x_wconf 86' lang='lat' dir='ltr'>illam</span> <span class='ocrx_word' id='word_1_360' title='bbox 1438 2053 1540 2077; x_wconf 90' lang='lat' dir='ltr'>esse:</span> <span class='ocrx_word' id='word_1_361' title='bbox 1576 2043 1652 2090; x_wconf 56' lang='grc' dir='ltr'>ΤΜ</span> <span class='ocrx_word' id='word_1_362' title='bbox 1682 2047 1799 2086; x_wconf 79' lang='lat' dir='ltr'>negat</span> 
     </span>
     <span class='ocr_line' id='line_1_87' title="bbox 486 2098 1801 2149; baseline -0.005 -10"><span class='ocrx_word' id='word_1_363' title='bbox 486 2115 626 2140; x_wconf 89' lang='lat' dir='ltr'>omnes</span> <span class='ocrx_word' id='word_1_364' title='bbox 659 2102 845 2139; x_wconf 65' lang='lat' dir='ltr'>veritates</span> <span class='ocrx_word' id='word_1_365' title='bbox 878 2101 1100 2149; x_wconf 68' lang='lat' dir='ltr'>negativas3</span> <span class='ocrx_word' id='word_1_366' title='bbox 1146 2113 1217 2136; x_wconf 89' lang='lat' dir='ltr'>nec</span> <span class='ocrx_word' id='word_1_367' title='bbox 1252 2109 1309 2136; x_wconf 87' lang='lat' dir='ltr'>est</span> <span class='ocrx_word' id='word_1_368' title='bbox 1342 2098 1534 2147; x_wconf 86' lang='lat' dir='ltr'>possibile</span> <span class='ocrx_word' id='word_1_369' title='bbox 1567 2099 1674 2146; x_wconf 88' lang='lat' dir='ltr'>quod</span> <span class='ocrx_word' id='word_1_370' title='bbox 1709 2109 1801 2145; x_wconf 85' lang='lat' dir='ltr'>pro—</span> 
     </span>
     <span class='ocr_line' id='line_1_88' title="bbox 486 2155 1800 2209; baseline -0.005 -12"><span class='ocrx_word' id='word_1_371' title='bbox 486 2161 636 2209; x_wconf 87' lang='lat' dir='ltr'>posicio</span> <span class='ocrx_word' id='word_1_372' title='bbox 670 2160 822 2208; x_wconf 87' lang='lat' dir='ltr'>precise</span> <span class='ocrx_word' id='word_1_373' title='bbox 855 2159 1045 2207; x_wconf 85' lang='lat' dir='ltr'>primarie</span> <span class='ocrx_word' id='word_1_374' title='bbox 1079 2158 1307 2206; x_wconf 81' lang='lat' dir='ltr'>aliqualiter</span> <span class='ocrx_word' id='word_1_375' title='bbox 1339 2156 1549 2205; x_wconf 83' lang='lat' dir='ltr'>significet,</span> <span class='ocrx_word' id='word_1_376' title='bbox 1588 2168 1659 2192; x_wconf 90' lang='lat' dir='ltr'>nec</span> <span class='ocrx_word' id='word_1_377' title='bbox 1693 2155 1800 2203; x_wconf 88' lang='lat' dir='ltr'>quod</span> 
     </span>
     <span class='ocr_line' id='line_1_89' title="bbox 487 2213 1800 2267; baseline -0.005 -12"><span class='ocrx_word' id='word_1_378' title='bbox 487 2219 717 2267; x_wconf 79' lang='lat' dir='ltr'>proposicio</span> <span class='ocrx_word' id='word_1_379' title='bbox 751 2231 857 2254; x_wconf 88' lang='lat' dir='ltr'>nunc</span> <span class='ocrx_word' id='word_1_380' title='bbox 891 2217 1087 2265; x_wconf 75' lang='lat' dir='ltr'>significet</span> <span class='ocrx_word' id='word_1_381' title='bbox 1120 2229 1200 2252; x_wconf 86' lang='lat' dir='ltr'>uno</span> <span class='ocrx_word' id='word_1_382' title='bbox 1231 2217 1351 2251; x_wconf 87' lang='lat' dir='ltr'>modo</span> <span class='ocrx_word' id='word_1_383' title='bbox 1376 2224 1411 2251; x_wconf 88' lang='lat' dir='ltr'>et</span> <span class='ocrx_word' id='word_1_384' title='bbox 1436 2215 1533 2251; x_wconf 77' lang='lat' dir='ltr'>alias</span> <span class='ocrx_word' id='word_1_385' title='bbox 1557 2213 1636 2250; x_wconf 80' lang='lat' dir='ltr'>alio</span> <span class='ocrx_word' id='word_1_386' title='bbox 1662 2213 1800 2257; x_wconf 87' lang='lat' dir='ltr'>modo;</span> 
     </span>
     <span class='ocr_line' id='line_1_90' title="bbox 488 2270 1803 2326; baseline -0.006 -13"><span class='ocrx_word' id='word_1_387' title='bbox 488 2278 582 2326; x_wconf 79' lang='lat' dir='ltr'>quia</span> <span class='ocrx_word' id='word_1_388' title='bbox 615 2276 862 2324; x_wconf 80' lang='lat' dir='ltr'>significacio</span> <span class='ocrx_word' id='word_1_389' title='bbox 897 2274 1191 2323; x_wconf 84' lang='lat' dir='ltr'>proposicionis</span> <span class='ocrx_word' id='word_1_390' title='bbox 1225 2283 1281 2310; x_wconf 80' lang='lat' dir='ltr'>est</span> <span class='ocrx_word' id='word_1_391' title='bbox 1314 2274 1396 2309; x_wconf 87' lang='lat' dir='ltr'>eius</span> <span class='ocrx_word' id='word_1_392' title='bbox 1430 2274 1570 2309; x_wconf 80' lang='lat' dir='ltr'>forma.</span> <span class='ocrx_word' id='word_1_393' title='bbox 1612 2272 1675 2308; x_wconf 52' lang='lat' dir='ltr'>gra</span> <span class='ocrx_word' id='word_1_394' title='bbox 1710 2270 1803 2306; x_wconf 84' lang='lat' dir='ltr'>dicit</span> 
     </span>
    </p>
   </div>
   <div class='ocr_carea' id='block_1_9' title="bbox 487 2328 1859 2382">
    <p class='ocr_par' dir='ltr' id='par_1_30' title="bbox 487 2328 1859 2382">
     <span class='ocr_line' id='line_1_91' title="bbox 487 2328 1859 2382; baseline -0.007 -11"><span class='ocrx_word' id='word_1_395' title='bbox 487 2336 719 2372; x_wconf 77' lang='lat' dir='ltr'>altercando</span> <span class='ocrx_word' id='word_1_396' title='bbox 753 2335 860 2382; x_wconf 83' lang='lat' dir='ltr'>quod</span> <span class='ocrx_word' id='word_1_397' title='bbox 894 2334 1028 2381; x_wconf 78' lang='lat' dir='ltr'>aliqua</span> <span class='ocrx_word' id='word_1_398' title='bbox 1062 2332 1150 2369; x_wconf 82' lang='lat' dir='ltr'>talis</span> <span class='ocrx_word' id='word_1_399' title='bbox 1183 2341 1238 2368; x_wconf 80' lang='lat' dir='ltr'>est</span> <span class='ocrx_word' id='word_1_400' title='bbox 1272 2344 1375 2372; x_wconf 66' lang='lat' dir='ltr'>vera,</span> <span class='ocrx_word' id='word_1_401' title='bbox 1411 2340 1446 2367; x_wconf 89' lang='lat' dir='ltr'>et</span> <span class='ocrx_word' id='word_1_402' title='bbox 1477 2330 1611 2378; x_wconf 77' lang='lat' dir='ltr'>aliqua</span> <span class='ocrx_word' id='word_1_403' title='bbox 1635 2328 1724 2364; x_wconf 81' lang='lat' dir='ltr'>talis</span> <span class='ocrx_word' id='word_1_404' title='bbox 1748 2331 1859 2364; x_wconf 73' lang='lat' dir='ltr'>est&#39;5</span> 
     </span>
    </p>
   </div>
   <div class='ocr_carea' id='block_1_10' title="bbox 488 2387 1804 2614">
    <p class='ocr_par' dir='ltr' id='par_1_31' title="bbox 488 2387 1804 2614">
     <span class='ocr_line' id='line_1_92' title="bbox 488 2387 1804 2440; baseline -0.006 -11"><span class='ocrx_word' id='word_1_405' title='bbox 488 2394 604 2433; x_wconf 73' lang='lat' dir='ltr'>falsa:</span> <span class='ocrx_word' id='word_1_406' title='bbox 651 2402 700 2438; x_wconf 87' lang='lat' dir='ltr'>et,</span> <span class='ocrx_word' id='word_1_407' title='bbox 748 2392 878 2440; x_wconf 87' lang='lat' dir='ltr'>posito</span> <span class='ocrx_word' id='word_1_408' title='bbox 920 2393 1027 2439; x_wconf 83' lang='lat' dir='ltr'>quod</span> <span class='ocrx_word' id='word_1_409' title='bbox 1069 2404 1146 2427; x_wconf 78' lang='lat' dir='ltr'>una</span> <span class='ocrx_word' id='word_1_410' title='bbox 1185 2390 1276 2426; x_wconf 81' lang='lat' dir='ltr'>talis</span> <span class='ocrx_word' id='word_1_411' title='bbox 1316 2389 1365 2425; x_wconf 93' lang='lat' dir='ltr'>sit</span> <span class='ocrx_word' id='word_1_412' title='bbox 1397 2388 1529 2424; x_wconf 87' lang='lat' dir='ltr'>omnis</span> <span class='ocrx_word' id='word_1_413' title='bbox 1563 2387 1666 2433; x_wconf 81' lang='lat' dir='ltr'>talis,</span> <span class='ocrx_word' id='word_1_414' title='bbox 1712 2395 1804 2422; x_wconf 86' lang='lat' dir='ltr'>tunc</span> 
     </span>
     <span class='ocr_line' id='line_1_93' title="bbox 488 2445 1803 2498; baseline -0.006 -11"><span class='ocrx_word' id='word_1_415' title='bbox 488 2453 545 2487; x_wconf 74' lang='lat' dir='ltr'>vel</span> <span class='ocrx_word' id='word_1_416' title='bbox 592 2451 747 2486; x_wconf 84' lang='lat' dir='ltr'>dubitat</span> <span class='ocrx_word' id='word_1_417' title='bbox 793 2463 911 2498; x_wconf 78' lang='lat' dir='ltr'>quam</span> <span class='ocrx_word' id='word_1_418' title='bbox 959 2461 1167 2497; x_wconf 87' lang='lat' dir='ltr'>opponens</span> <span class='ocrx_word' id='word_1_419' title='bbox 1202 2447 1404 2496; x_wconf 77' lang='lat' dir='ltr'>proponit⁷</span> <span class='ocrx_word' id='word_1_420' title='bbox 1453 2447 1511 2483; x_wconf 75' lang='lat' dir='ltr'>vel</span> <span class='ocrx_word' id='word_1_421' title='bbox 1557 2445 1652 2481; x_wconf 86' lang='lat' dir='ltr'>dicit</span> <span class='ocrx_word' id='word_1_422' title='bbox 1698 2445 1803 2492; x_wconf 86' lang='lat' dir='ltr'>quod</span> 
     </span>
     <span class='ocr_line' id='line_1_94' title="bbox 490 2502 1804 2557; baseline -0.006 -12"><span class='ocrx_word' id='word_1_423' title='bbox 490 2518 683 2557; x_wconf 72' lang='lat' dir='ltr'>repugnat</span> <span class='ocrx_word' id='word_1_424' title='bbox 718 2508 825 2544; x_wconf 82' lang='lat' dir='ltr'>casui</span> <span class='ocrx_word' id='word_1_425' title='bbox 861 2508 1037 2556; x_wconf 75' lang='lat' dir='ltr'>aliquam</span> <span class='ocrx_word' id='word_1_426' title='bbox 1077 2508 1196 2543; x_wconf 78' lang='lat' dir='ltr'>talem</span> <span class='ocrx_word' id='word_1_427' title='bbox 1239 2518 1322 2542; x_wconf 88' lang='lat' dir='ltr'>esse</span> <span class='ocrx_word' id='word_1_428' title='bbox 1355 2503 1618 2553; x_wconf 80' lang='lat' dir='ltr'>propositam,</span> <span class='ocrx_word' id='word_1_429' title='bbox 1666 2502 1723 2538; x_wconf 82' lang='lat' dir='ltr'>vel</span> <span class='ocrx_word' id='word_1_430' title='bbox 1762 2502 1804 2536; x_wconf 79' lang='lat'>30</span> 
     </span>
     <span class='ocr_line' id='line_1_95' title="bbox 490 2565 1312 2614; baseline -0.002 -11"><span class='ocrx_word' id='word_1_431' title='bbox 490 2567 703 2614; x_wconf 76' lang='lat' dir='ltr'>distingwit</span> <span class='ocrx_word' id='word_1_432' title='bbox 738 2566 891 2602; x_wconf 82' lang='lat' dir='ltr'>infinite</span> <span class='ocrx_word' id='word_1_433' title='bbox 925 2565 1146 2614; x_wconf 78' lang='lat' dir='ltr'>quamlibet</span> <span class='ocrx_word' id='word_1_434' title='bbox 1179 2565 1312 2601; x_wconf 76' lang='lat' dir='ltr'>talem.</span> 
     </span>
    </p>
   </div>
   <div class='ocr_carea' id='block_1_11' title="bbox 1810 893 1848 912">
    <p class='ocr_par' dir='ltr' id='par_1_32' title="bbox 1810 893 1848 912">
     <span class='ocr_line' id='line_1_96' title="bbox 1810 893 1848 912; baseline 0 0"><span class='ocrx_word' id='word_1_435' title='bbox 1810 893 1848 912; x_wconf 87' lang='lat'>10</span> 
     </span>
    </p>
   </div>
   <div class='ocr_carea' id='block_1_12' title="bbox 1815 1172 1850 1203">
    <p class='ocr_par' dir='ltr' id='par_1_33' title="bbox 1815 1172 1850 1203">
     <span class='ocr_line' id='line_1_97' title="bbox 1815 1172 1850 1203; baseline 0.029 -1"><span class='ocrx_word' id='word_1_436' title='bbox 1815 1172 1850 1203; x_wconf 79' lang='lat'>15</span> 
     </span>
    </p>
   </div>
   <div class='ocr_carea' id='block_1_13' title="bbox 545 2616 1865 2671">
    <p class='ocr_par' dir='ltr' id='par_1_34' title="bbox 545 2616 1865 2671">
     <span class='ocr_line' id='line_1_98' title="bbox 545 2616 1865 2671; baseline -0.008 -10"><span class='ocrx_word' id='word_1_437' title='bbox 545 2627 662 2661; x_wconf 76' lang='lat' dir='ltr'>Tales</span> <span class='ocrx_word' id='word_1_438' title='bbox 716 2624 947 2660; x_wconf 82' lang='lat' dir='ltr'>innumeras</span> <span class='ocrx_word' id='word_1_439' title='bbox 1000 2622 1279 2671; x_wconf 85' lang='lat' dir='ltr'>responsiones</span> <span class='ocrx_word' id='word_1_440' title='bbox 1332 2629 1460 2669; x_wconf 88' lang='lat' dir='ltr'>potest</span> <span class='ocrx_word' id='word_1_441' title='bbox 1513 2618 1600 2667; x_wconf 89' lang='lat' dir='ltr'>quis</span> <span class='ocrx_word' id='word_1_442' title='bbox 1653 2616 1865 2671; x_wconf 79' lang='lat' dir='ltr'>audire,40</span> 
     </span>
    </p>
   </div>
   <div class='ocr_carea' id='block_1_14' title="bbox 489 2677 1805 2731">
    <p class='ocr_par' dir='ltr' id='par_1_35' title="bbox 489 2677 1805 2731">
     <span class='ocr_line' id='line_1_99' title="bbox 489 2677 1805 2731; baseline -0.008 -12"><span class='ocrx_word' id='word_1_443' title='bbox 489 2697 587 2731; x_wconf 74' lang='lat' dir='ltr'>quas</span> <span class='ocrx_word' id='word_1_444' title='bbox 621 2692 779 2731; x_wconf 80' lang='lat' dir='ltr'>oportet</span> <span class='ocrx_word' id='word_1_445' title='bbox 821 2695 908 2718; x_wconf 88' lang='lat' dir='ltr'>cum</span> <span class='ocrx_word' id='word_1_446' title='bbox 944 2681 1109 2717; x_wconf 82' lang='lat' dir='ltr'>solercia</span> <span class='ocrx_word' id='word_1_447' title='bbox 1144 2681 1365 2716; x_wconf 78' lang='lat' dir='ltr'>excludere.</span> <span class='ocrx_word' id='word_1_448' title='bbox 1411 2677 1649 2714; x_wconf 79' lang='lat' dir='ltr'>immutando</span> <span class='ocrx_word' id='word_1_449' title='bbox 1693 2688 1805 2711; x_wconf 77' lang='lat' dir='ltr'>casus</span> 
     </span>
    </p>
   </div>
   <div class='ocr_carea' id='block_1_15' title="bbox 578 2874 1234 2920">
    <p class='ocr_par' dir='ltr' id='par_1_36' title="bbox 578 2874 1234 2920">
     <span class='ocr_line' id='line_1_100' title="bbox 578 2874 1234 2920; baseline -0.008 -6"><span class='ocrx_word' id='word_1_450' title='bbox 578 2888 606 2914; x_wconf 50' lang='grc' dir='ltr'>ζῆ</span> <span class='ocrx_word' id='word_1_451' title='bbox 640 2874 751 2914; x_wconf 49' lang='grc' dir='ltr'>ηιιιζὼ»</span> <span class='ocrx_word' id='word_1_452' title='bbox 774 2887 794 2913; x_wconf 75' lang='lat' dir='ltr'>n</span> <span class='ocrx_word' id='word_1_453' title='bbox 902 2884 945 2920; x_wconf 73' lang='lat'>37.</span> <span class='ocrx_word' id='word_1_454' title='bbox 967 2876 1000 2913; x_wconf 50' lang='grc' dir='ltr'><strong>ᾖ</strong></span> <span class='ocrx_word' id='word_1_455' title='bbox 1020 2885 1058 2919; x_wconf 72' lang='lat' dir='ltr'>ss;</span> <span class='ocrx_word' id='word_1_456' title='bbox 1079 2885 1117 2910; x_wconf 55' lang='lat' dir='ltr'>un</span> <span class='ocrx_word' id='word_1_457' title='bbox 1142 2876 1179 2910; x_wconf 62' lang='grc' dir='ltr'>[ἧι</span> <span class='ocrx_word' id='word_1_458' title='bbox 1204 2884 1234 2910; x_wconf 69' lang='grc' dir='ltr'>Β.</span> 
     </span>
    </p>
   </div>
  </div>
 </body>
</html>
