<?xml version="1.0" encoding="UTF-8"?>
<!DOCTYPE html PUBLIC "-//W3C//DTD XHTML 1.0 Transitional//EN"
    "http://www.w3.org/TR/xhtml1/DTD/xhtml1-transitional.dtd">
<html xmlns="http://www.w3.org/1999/xhtml" xml:lang="en" lang="en">
 <head>
  <title>
</title>
<meta http-equiv="Content-Type" content="text/html;charset=utf-8" />
  <meta name='ocr-system' content='tesseract 3.04.00' />
  <meta name='ocr-capabilities' content='ocr_page ocr_carea ocr_par ocr_line ocrx_word'/>
</head>
<body>
  <div class='ocr_page' id='page_1' title='image "./johanniswycliftr1402wycl/johanniswycliftr1402wycl_0218.png"; bbox 0 0 2007 3364; ppageno 0'>
   <div class='ocr_carea' id='block_1_1' title="bbox 164 257 240 294">
    <p class='ocr_par' dir='ltr' id='par_1_1' title="bbox 164 257 240 294">
     <span class='ocr_line' id='line_1_1' title="bbox 164 257 240 294; baseline -0.053 0"><span class='ocrx_word' id='word_1_1' title='bbox 164 257 240 294; x_wconf 83' lang='lat'>166</span> 
     </span>
    </p>
   </div>
   <div class='ocr_carea' id='block_1_2' title="bbox 161 375 470 2667">
    <p class='ocr_par' dir='ltr' id='par_1_2' title="bbox 161 375 437 510">
     <span class='ocr_line' id='line_1_2' title="bbox 187 375 411 405; baseline -0.022 -1"><span class='ocrx_word' id='word_1_2' title='bbox 187 377 255 405; x_wconf 76' lang='lat' dir='ltr'>And</span> <span class='ocrx_word' id='word_1_3' title='bbox 279 378 326 404; x_wconf 75' lang='lat' dir='ltr'>sor</span> <span class='ocrx_word' id='word_1_4' title='bbox 348 375 411 401; x_wconf 77' lang='lat' dir='ltr'>that</span> 
     </span>
     <span class='ocr_line' id='line_1_3' title="bbox 162 412 436 440; baseline -0.022 0"><span class='ocrx_word' id='word_1_5' title='bbox 162 420 268 440; x_wconf 78' lang='lat' dir='ltr'>reason</span> <span class='ocrx_word' id='word_1_6' title='bbox 285 412 369 438; x_wconf 78' lang='lat' dir='ltr'>there</span> <span class='ocrx_word' id='word_1_7' title='bbox 387 416 436 435; x_wconf 82' lang='lat' dir='ltr'>arc</span> 
     </span>
     <span class='ocr_line' id='line_1_4' title="bbox 161 444 437 474; baseline -0.018 0"><span class='ocrx_word' id='word_1_8' title='bbox 161 456 200 474; x_wconf 82' lang='lat' dir='ltr'>no</span> <span class='ocrx_word' id='word_1_9' title='bbox 216 447 289 474; x_wconf 84' lang='lat' dir='ltr'>such</span> <span class='ocrx_word' id='word_1_10' title='bbox 309 444 437 472; x_wconf 86' lang='lat' dir='ltr'>minima</span> 
     </span>
     <span class='ocr_line' id='line_1_5' title="bbox 162 481 436 510; baseline -0.022 0"><span class='ocrx_word' id='word_1_11' title='bbox 162 483 190 510; x_wconf 86' lang='lat' dir='ltr'>in</span> <span class='ocrx_word' id='word_1_12' title='bbox 216 482 264 508; x_wconf 83' lang='lat' dir='ltr'>the</span> <span class='ocrx_word' id='word_1_13' title='bbox 279 481 436 508; x_wconf 80' lang='lat' dir='ltr'>elements,</span> 
     </span>
    </p>

    <p class='ocr_par' dir='ltr' id='par_1_3' title="bbox 203 514 397 550">
     <span class='ocr_line' id='line_1_6' title="bbox 203 514 397 550; baseline -0.021 -6"><span class='ocrx_word' id='word_1_14' title='bbox 203 518 255 544; x_wconf 87' lang='lat' dir='ltr'>but</span> <span class='ocrx_word' id='word_1_15' title='bbox 276 516 347 550; x_wconf 84' lang='lat' dir='ltr'>only</span> <span class='ocrx_word' id='word_1_16' title='bbox 367 514 397 541; x_wconf 85' lang='lat' dir='ltr'>in</span> 
     </span>
    </p>

    <p class='ocr_par' dir='ltr' id='par_1_4' title="bbox 201 549 409 585">
     <span class='ocr_line' id='line_1_7' title="bbox 201 549 409 585; baseline -0.024 -6"><span class='ocrx_word' id='word_1_17' title='bbox 201 549 409 585; x_wconf 77' lang='lat' dir='ltr'>compounds.</span> 
     </span>
    </p>

    <p class='ocr_par' dir='ltr' id='par_1_5' title="bbox 181 583 423 614">
     <span class='ocr_line' id='line_1_8' title="bbox 181 583 423 614; baseline -0.021 0"><span class='ocrx_word' id='word_1_18' title='bbox 181 587 235 614; x_wconf 78' lang='lat' dir='ltr'>Yet</span> <span class='ocrx_word' id='word_1_19' title='bbox 261 594 306 612; x_wconf 71' lang='lat' dir='ltr'>we</span> <span class='ocrx_word' id='word_1_20' title='bbox 327 583 423 611; x_wconf 83' lang='lat' dir='ltr'>admit</span> 
     </span>
    </p>

    <p class='ocr_par' dir='ltr' id='par_1_6' title="bbox 170 620 470 2667">
     <span class='ocr_line' id='line_1_9' title="bbox 270 620 394 656; baseline -0.024 -9"><span class='ocrx_word' id='word_1_21' title='bbox 270 620 333 647; x_wconf 86' lang='lat' dir='ltr'>that</span> <span class='ocrx_word' id='word_1_22' title='bbox 389 652 394 656; x_wconf 20' lang='grc' dir='ltr'><em>ῃ</em></span> 
     </span>
     <span class='ocr_line' id='line_1_10' title="bbox 188 654 418 683; baseline -0.017 0"><span class='ocrx_word' id='word_1_23' title='bbox 188 655 320 683; x_wconf 77' lang='lat' dir='ltr'>division</span> <span class='ocrx_word' id='word_1_24' title='bbox 343 654 368 680; x_wconf 92' lang='lat' dir='ltr'>is</span> <span class='ocrx_word' id='word_1_25' title='bbox 388 660 418 679; x_wconf 92' lang='lat' dir='ltr'>1n</span> 
     </span>
     <span class='ocr_line' id='line_1_11' title="bbox 206 696 407 724; baseline -0.015 -7"><span class='ocrx_word' id='word_1_26' title='bbox 206 698 298 724; x_wconf 82' lang='lat' dir='ltr'>many</span> <span class='ocrx_word' id='word_1_27' title='bbox 322 696 407 715; x_wconf 86' lang='lat' dir='ltr'>cases</span> 
     </span>
     <span class='ocr_line' id='line_1_12' title="bbox 190 724 418 753; baseline -0.013 -1"><span class='ocrx_word' id='word_1_28' title='bbox 190 724 367 753; x_wconf 79' lang='lat' dir='ltr'>t&#39;avourable</span> <span class='ocrx_word' id='word_1_29' title='bbox 387 727 418 749; x_wconf 89' lang='lat' dir='ltr'>to</span> 
     </span>
     <span class='ocr_line' id='line_1_13' title="bbox 231 757 377 787; baseline -0.021 0"><span class='ocrx_word' id='word_1_30' title='bbox 231 757 377 787; x_wconf 82' lang='lat' dir='ltr'>chemical</span> 
     </span>
     <span class='ocr_line' id='line_1_14' title="bbox 239 794 366 828; baseline -0.016 -7"><span class='ocrx_word' id='word_1_31' title='bbox 239 794 366 828; x_wconf 80' lang='lat' dir='ltr'>change.</span> 
     </span>
     <span class='ocr_line' id='line_1_15' title="bbox 211 828 400 857; baseline -0.021 0"><span class='ocrx_word' id='word_1_32' title='bbox 211 828 400 857; x_wconf 81' lang='lat' dir='ltr'>Alchemists</span> 
     </span>
     <span class='ocr_line' id='line_1_16' title="bbox 212 862 401 891; baseline -0.016 0"><span class='ocrx_word' id='word_1_33' title='bbox 212 864 327 891; x_wconf 82' lang='lat' dir='ltr'>calcinc</span> <span class='ocrx_word' id='word_1_34' title='bbox 352 862 401 889; x_wconf 69' lang='lat' dir='ltr'>tlte</span> 
     </span>
     <span class='ocr_line' id='line_1_17' title="bbox 226 897 386 933; baseline -0.019 -7"><span class='ocrx_word' id='word_1_35' title='bbox 226 897 386 933; x_wconf 78' lang='lat' dir='ltr'>imperfect</span> 
     </span>
     <span class='ocr_line' id='line_1_18' title="bbox 170 931 446 962; baseline -0.018 0"><span class='ocrx_word' id='word_1_36' title='bbox 170 935 278 962; x_wconf 82' lang='lat' dir='ltr'>metals</span> <span class='ocrx_word' id='word_1_37' title='bbox 304 933 334 960; x_wconf 89' lang='lat' dir='ltr'>in</span> <span class='ocrx_word' id='word_1_38' title='bbox 355 931 446 958; x_wconf 85' lang='lat' dir='ltr'>order</span> 
     </span>
     <span class='ocr_line' id='line_1_19' title="bbox 216 969 395 1003; baseline -0.028 -6"><span class='ocrx_word' id='word_1_39' title='bbox 216 975 246 997; x_wconf 89' lang='lat' dir='ltr'>to</span> <span class='ocrx_word' id='word_1_40' title='bbox 268 969 395 1003; x_wconf 84' lang='lat' dir='ltr'>dispose</span> 
     </span>
     <span class='ocr_line' id='line_1_20' title="bbox 201 1001 422 1038; baseline -0.018 -7"><span class='ocrx_word' id='word_1_41' title='bbox 201 1005 284 1031; x_wconf 86' lang='lat' dir='ltr'>them</span> <span class='ocrx_word' id='word_1_42' title='bbox 305 1003 354 1030; x_wconf 82' lang='lat' dir='ltr'>for</span> <span class='ocrx_word' id='word_1_43' title='bbox 372 1001 422 1038; x_wconf 81' lang='lat' dir='ltr'>the</span> 
     </span>
     <span class='ocr_line' id='line_1_21' title="bbox 208 1038 413 1075; baseline -0.024 -8"><span class='ocrx_word' id='word_1_44' title='bbox 208 1038 413 1075; x_wconf 51' lang='lat' dir='ltr'>receptiones</span> 
     </span>
     <span class='ocr_line' id='line_1_22' title="bbox 200 1074 421 1107; baseline -0.023 -5"><span class='ocrx_word' id='word_1_45' title='bbox 200 1081 286 1102; x_wconf 89' lang='lat' dir='ltr'>more</span> <span class='ocrx_word' id='word_1_46' title='bbox 307 1074 421 1107; x_wconf 81' lang='lat' dir='ltr'>pertect</span> 
     </span>
     <span class='ocr_line' id='line_1_23' title="bbox 254 1110 363 1136; baseline -0.028 0"><span class='ocrx_word' id='word_1_47' title='bbox 254 1110 363 1136; x_wconf 79' lang='lat' dir='ltr'>forms.</span> 
     </span>
     <span class='ocr_line' id='line_1_24' title="bbox 178 1143 441 1176; baseline -0.027 -4"><span class='ocrx_word' id='word_1_48' title='bbox 178 1144 266 1176; x_wconf 74' lang='lat' dir='ltr'>This,</span> <span class='ocrx_word' id='word_1_49' title='bbox 288 1143 441 1170; x_wconf 77' lang='lat' dir='ltr'>however,</span> 
     </span>
     <span class='ocr_line' id='line_1_25' title="bbox 187 1176 444 1213; baseline -0.027 -6"><span class='ocrx_word' id='word_1_50' title='bbox 187 1181 212 1207; x_wconf 84' lang='lat' dir='ltr'>is</span> <span class='ocrx_word' id='word_1_51' title='bbox 233 1183 316 1213; x_wconf 80' lang='lat' dir='ltr'>great</span> <span class='ocrx_word' id='word_1_52' title='bbox 336 1176 444 1203; x_wconf 80' lang='lat' dir='ltr'>labonr</span> 
     </span>
     <span class='ocr_line' id='line_1_26' title="bbox 199 1213 429 1241; baseline -0.026 0"><span class='ocrx_word' id='word_1_53' title='bbox 199 1213 257 1241; x_wconf 85' lang='lat' dir='ltr'>and</span> <span class='ocrx_word' id='word_1_54' title='bbox 279 1213 354 1240; x_wconf 89' lang='lat' dir='ltr'>does</span> <span class='ocrx_word' id='word_1_55' title='bbox 376 1215 429 1237; x_wconf 88' lang='lat' dir='ltr'>not</span> 
     </span>
     <span class='ocr_line' id='line_1_27' title="bbox 224 1246 425 1282; baseline -0.03 -6"><span class='ocrx_word' id='word_1_56' title='bbox 224 1247 334 1276; x_wconf 79' lang='lat' dir='ltr'>reduce</span> <span class='ocrx_word' id='word_1_57' title='bbox 355 1246 405 1272; x_wconf 82' lang='lat' dir='ltr'>the</span> <span class='ocrx_word' id='word_1_58' title='bbox 421 1279 425 1282; x_wconf 33' lang='grc' dir='ltr'>Ι</span> 
     </span>
     <span class='ocr_line' id='line_1_28' title="bbox 187 1280 445 1311; baseline -0.023 0"><span class='ocrx_word' id='word_1_59' title='bbox 187 1285 295 1311; x_wconf 85' lang='lat' dir='ltr'>metals</span> <span class='ocrx_word' id='word_1_60' title='bbox 315 1286 346 1308; x_wconf 87' lang='lat' dir='ltr'>to</span> <span class='ocrx_word' id='word_1_61' title='bbox 367 1280 445 1307; x_wconf 79' lang='lat' dir='ltr'>then·</span> 
     </span>
     <span class='ocr_line' id='line_1_29' title="bbox 188 1318 447 1350; baseline -0.031 -4"><span class='ocrx_word' id='word_1_62' title='bbox 188 1318 322 1346; x_wconf 74' lang='lat' dir='ltr'>smallest</span> <span class='ocrx_word' id='word_1_63' title='bbox 343 1319 447 1350; x_wconf 73' lang='lat' dir='ltr'>partst</span> 
     </span>
     <span class='ocr_line' id='line_1_30' title="bbox 183 1352 454 1381; baseline -0.022 0"><span class='ocrx_word' id='word_1_64' title='bbox 183 1356 230 1381; x_wconf 67' lang='lat' dir='ltr'>sor</span> <span class='ocrx_word' id='word_1_65' title='bbox 250 1352 314 1379; x_wconf 79' lang='lat' dir='ltr'>that</span> <span class='ocrx_word' id='word_1_66' title='bbox 336 1356 454 1381; x_wconf 76' lang='lat' dir='ltr'>reason,</span> 
     </span>
     <span class='ocr_line' id='line_1_31' title="bbox 177 1384 452 1423; baseline -0.022 -7"><span class='ocrx_word' id='word_1_67' title='bbox 177 1390 200 1416; x_wconf 54' lang='lat' dir='ltr'>itv</span> <span class='ocrx_word' id='word_1_68' title='bbox 223 1388 292 1423; x_wconf 84' lang='lat' dir='ltr'>they</span> <span class='ocrx_word' id='word_1_69' title='bbox 314 1384 452 1412; x_wconf 74' lang='lat' dir='ltr'>succeed.</span> 
     </span>
     <span class='ocr_line' id='line_1_32' title="bbox 178 1421 453 1457; baseline -0.025 -6"><span class='ocrx_word' id='word_1_70' title='bbox 178 1425 198 1451; x_wconf 86' lang='lat' dir='ltr'>it</span> <span class='ocrx_word' id='word_1_71' title='bbox 218 1431 244 1450; x_wconf 82' lang='lat' dir='ltr'>is</span> <span class='ocrx_word' id='word_1_72' title='bbox 266 1423 303 1457; x_wconf 83' lang='lat' dir='ltr'>by</span> <span class='ocrx_word' id='word_1_73' title='bbox 329 1421 453 1447; x_wconf 77' lang='lat' dir='ltr'>chance.</span> 
     </span>
     <span class='ocr_line' id='line_1_33' title="bbox 209 1455 425 1485; baseline -0.023 0"><span class='ocrx_word' id='word_1_74' title='bbox 209 1458 296 1485; x_wconf 81' lang='lat' dir='ltr'>Tbns</span> <span class='ocrx_word' id='word_1_75' title='bbox 319 1455 425 1482; x_wconf 80' lang='lat' dir='ltr'>bodies</span> 
     </span>
     <span class='ocr_line' id='line_1_34' title="bbox 220 1491 420 1519; baseline -0.02 0"><span class='ocrx_word' id='word_1_76' title='bbox 220 1493 283 1519; x_wconf 78' lang='lat' dir='ltr'>that</span> <span class='ocrx_word' id='word_1_77' title='bbox 304 1491 382 1517; x_wconf 83' lang='lat' dir='ltr'>form</span> <span class='ocrx_word' id='word_1_78' title='bbox 405 1498 420 1515; x_wconf 82' lang='lat' dir='ltr'>a</span> 
     </span>
     <span class='ocr_line' id='line_1_35' title="bbox 229 1526 415 1554; baseline -0.022 0"><span class='ocrx_word' id='word_1_79' title='bbox 229 1526 415 1554; x_wconf 71' lang='lat' dir='ltr'>continuons</span> 
     </span>
     <span class='ocr_line' id='line_1_36' title="bbox 223 1562 417 1594; baseline -0.005 -8"><span class='ocrx_word' id='word_1_80' title='bbox 223 1562 322 1588; x_wconf 77' lang='lat' dir='ltr'>whole</span> <span class='ocrx_word' id='word_1_81' title='bbox 344 1567 417 1594; x_wconf 69' lang='lat' dir='ltr'>vary</span> 
     </span>
     <span class='ocr_line' id='line_1_37' title="bbox 234 1596 410 1623; baseline -0.023 0"><span class='ocrx_word' id='word_1_82' title='bbox 234 1596 305 1623; x_wconf 75' lang='lat' dir='ltr'>both</span> <span class='ocrx_word' id='word_1_83' title='bbox 328 1603 361 1621; x_wconf 86' lang='lat' dir='ltr'>as</span> <span class='ocrx_word' id='word_1_84' title='bbox 381 1599 410 1620; x_wconf 80' lang='lat'>10</span> 
     </span>
     <span class='ocr_line' id='line_1_38' title="bbox 233 1629 405 1664; baseline -0.017 -6"><span class='ocrx_word' id='word_1_85' title='bbox 233 1629 405 1664; x_wconf 61' lang='lat' dir='ltr'>continuit&gt;-</span> 
     </span>
     <span class='ocr_line' id='line_1_39' title="bbox 201 1664 433 1694; baseline -0.026 1"><span class='ocrx_word' id='word_1_86' title='bbox 201 1667 259 1694; x_wconf 81' lang='lat' dir='ltr'>and</span> <span class='ocrx_word' id='word_1_87' title='bbox 281 1670 363 1693; x_wconf 85' lang='lat' dir='ltr'>asto</span> <span class='ocrx_word' id='word_1_88' title='bbox 384 1664 433 1690; x_wconf 70' lang='lat' dir='ltr'>tlte</span> 
     </span>
     <span class='ocr_line' id='line_1_40' title="bbox 230 1699 413 1729; baseline -0.022 0"><span class='ocrx_word' id='word_1_89' title='bbox 230 1702 330 1729; x_wconf 86' lang='lat' dir='ltr'>forms</span> <span class='ocrx_word' id='word_1_90' title='bbox 349 1699 413 1726; x_wconf 79' lang='lat' dir='ltr'>that</span> 
     </span>
     <span class='ocr_line' id='line_1_41' title="bbox 187 1736 454 1764; baseline -0.026 1"><span class='ocrx_word' id='word_1_91' title='bbox 187 1738 276 1764; x_wconf 68' lang='lat' dir='ltr'>make</span> <span class='ocrx_word' id='word_1_92' title='bbox 296 1736 379 1762; x_wconf 81' lang='lat' dir='ltr'>them</span> <span class='ocrx_word' id='word_1_93' title='bbox 402 1741 454 1762; x_wconf 73' lang='lat' dir='ltr'>so:</span> 
     </span>
     <span class='ocr_line' id='line_1_42' title="bbox 195 1770 450 1799; baseline -0.024 0"><span class='ocrx_word' id='word_1_94' title='bbox 195 1773 259 1799; x_wconf 76' lang='lat' dir='ltr'>first</span> <span class='ocrx_word' id='word_1_95' title='bbox 280 1771 330 1797; x_wconf 81' lang='lat' dir='ltr'>tlie</span> <span class='ocrx_word' id='word_1_96' title='bbox 351 1770 450 1796; x_wconf 74' lang='lat' dir='ltr'>forms</span> 
     </span>
     <span class='ocr_line' id='line_1_43' title="bbox 185 1805 462 1836; baseline -0.022 -2"><span class='ocrx_word' id='word_1_97' title='bbox 185 1807 218 1834; x_wconf 86' lang='lat' dir='ltr'>of</span> <span class='ocrx_word' id='word_1_98' title='bbox 235 1807 285 1833; x_wconf 80' lang='lat' dir='ltr'>the</span> <span class='ocrx_word' id='word_1_99' title='bbox 305 1805 462 1836; x_wconf 55' lang='lat' dir='ltr'>ele-ments,</span> 
     </span>
     <span class='ocr_line' id='line_1_44' title="bbox 249 1839 389 1867; baseline -0.014 0"><span class='ocrx_word' id='word_1_100' title='bbox 249 1841 318 1867; x_wconf 80' lang='lat' dir='ltr'>then</span> <span class='ocrx_word' id='word_1_101' title='bbox 340 1839 389 1865; x_wconf 82' lang='lat' dir='ltr'>tbc</span> 
     </span>
     <span class='ocr_line' id='line_1_45' title="bbox 223 1873 416 1910; baseline -0.021 -7"><span class='ocrx_word' id='word_1_102' title='bbox 223 1873 416 1910; x_wconf 60' lang='lat' dir='ltr'>supet-added</span> 
     </span>
     <span class='ocr_line' id='line_1_46' title="bbox 214 1908 434 1937; baseline -0.014 0"><span class='ocrx_word' id='word_1_103' title='bbox 214 1911 311 1937; x_wconf 71' lang='lat' dir='ltr'>forms</span> <span class='ocrx_word' id='word_1_104' title='bbox 332 1908 367 1935; x_wconf 79' lang='lat' dir='ltr'>of</span> <span class='ocrx_word' id='word_1_105' title='bbox 385 1908 434 1934; x_wconf 72' lang='lat' dir='ltr'>tlte</span> 
     </span>
     <span class='ocr_line' id='line_1_47' title="bbox 189 1942 459 1979; baseline -0.019 -6"><span class='ocrx_word' id='word_1_106' title='bbox 189 1944 379 1979; x_wconf 70' lang='lat' dir='ltr'>componnd,</span> <span class='ocrx_word' id='word_1_107' title='bbox 401 1942 459 1969; x_wconf 83' lang='lat' dir='ltr'>and</span> 
     </span>
     <span class='ocr_line' id='line_1_48' title="bbox 232 1978 415 2011; baseline -0.016 -5"><span class='ocrx_word' id='word_1_108' title='bbox 232 1989 265 2006; x_wconf 80' lang='lat' dir='ltr'>so</span> <span class='ocrx_word' id='word_1_109' title='bbox 286 1987 342 2011; x_wconf 69' lang='lat'>0113</span> <span class='ocrx_word' id='word_1_110' title='bbox 365 1978 415 2004; x_wconf 82' lang='lat' dir='ltr'>bnt</span> 
     </span>
     <span class='ocr_line' id='line_1_49' title="bbox 216 2012 440 2042; baseline -0.018 0"><span class='ocrx_word' id='word_1_111' title='bbox 216 2016 289 2042; x_wconf 80' lang='lat' dir='ltr'>each</span> <span class='ocrx_word' id='word_1_112' title='bbox 312 2014 392 2040; x_wconf 82' lang='lat' dir='ltr'>form</span> <span class='ocrx_word' id='word_1_113' title='bbox 415 2012 440 2039; x_wconf 76' lang='lat' dir='ltr'>is</span> 
     </span>
     <span class='ocr_line' id='line_1_50' title="bbox 252 2048 400 2076; baseline -0.014 0"><span class='ocrx_word' id='word_1_114' title='bbox 252 2048 400 2076; x_wconf 79' lang='lat' dir='ltr'>extcnclcd</span> 
     </span>
     <span class='ocr_line' id='line_1_51' title="bbox 244 2083 413 2118; baseline -0.012 -7"><span class='ocrx_word' id='word_1_115' title='bbox 244 2083 375 2118; x_wconf 69' lang='lat' dir='ltr'>through</span> <span class='ocrx_word' id='word_1_116' title='bbox 398 2090 413 2109; x_wconf 70' lang='grc' dir='ltr'>ει</span> 
     </span>
     <span class='ocr_line' id='line_1_52' title="bbox 208 2117 448 2147; baseline -0.017 0"><span class='ocrx_word' id='word_1_117' title='bbox 208 2119 338 2147; x_wconf 80' lang='lat' dir='ltr'>number</span> <span class='ocrx_word' id='word_1_118' title='bbox 359 2117 392 2144; x_wconf 78' lang='lat' dir='ltr'>of</span> <span class='ocrx_word' id='word_1_119' title='bbox 410 2117 448 2144; x_wconf 79' lang='lat' dir='ltr'>its</span> 
     </span>
     <span class='ocr_line' id='line_1_53' title="bbox 266 2152 398 2181; baseline -0.015 -1"><span class='ocrx_word' id='word_1_120' title='bbox 266 2152 398 2181; x_wconf 76' lang='lat' dir='ltr'>subiects</span> 
     </span>
     <span class='ocr_line' id='line_1_54' title="bbox 232 2189 434 2215; baseline -0.025 1"><span class='ocrx_word' id='word_1_121' title='bbox 232 2189 382 2215; x_wconf 70' lang='lat' dir='ltr'>snt&#39;ticicnt</span> <span class='ocrx_word' id='word_1_122' title='bbox 404 2192 434 2213; x_wconf 81' lang='lat' dir='ltr'>to</span> 
     </span>
     <span class='ocr_line' id='line_1_55' title="bbox 225 2222 442 2257; baseline -0.009 -7"><span class='ocrx_word' id='word_1_123' title='bbox 225 2224 311 2250; x_wconf 68' lang='lat' dir='ltr'>make</span> <span class='ocrx_word' id='word_1_124' title='bbox 332 2230 372 2257; x_wconf 78' lang='lat' dir='ltr'>up</span> <span class='ocrx_word' id='word_1_125' title='bbox 394 2222 442 2248; x_wconf 80' lang='lat' dir='ltr'>tlic</span> 
     </span>
     <span class='ocr_line' id='line_1_56' title="bbox 198 2259 462 2291; baseline -0.008 -6"><span class='ocrx_word' id='word_1_126' title='bbox 198 2259 312 2290; x_wconf 68' lang='lat' dir='ltr'>wltolc3</span> <span class='ocrx_word' id='word_1_127' title='bbox 334 2266 366 2284; x_wconf 73' lang='lat' dir='ltr'>as</span> <span class='ocrx_word' id='word_1_128' title='bbox 388 2266 411 2283; x_wconf 80' lang='lat' dir='ltr'>e.</span> <span class='ocrx_word' id='word_1_129' title='bbox 434 2264 462 2291; x_wconf 78' lang='lat' dir='ltr'>g.</span> 
     </span>
     <span class='ocr_line' id='line_1_57' title="bbox 253 2297 418 2320; baseline -0.018 0"><span class='ocrx_word' id='word_1_130' title='bbox 253 2298 273 2320; x_wconf 83' lang='lat' dir='ltr'>it</span> <span class='ocrx_word' id='word_1_131' title='bbox 295 2301 311 2319; x_wconf 84' lang='lat' dir='ltr'>a</span> <span class='ocrx_word' id='word_1_132' title='bbox 332 2297 418 2319; x_wconf 83' lang='lat' dir='ltr'>stone</span> 
     </span>
     <span class='ocr_line' id='line_1_58' title="bbox 218 2328 446 2362; baseline -0.013 -7"><span class='ocrx_word' id='word_1_133' title='bbox 218 2328 353 2362; x_wconf 76' lang='lat' dir='ltr'>requires</span> <span class='ocrx_word' id='word_1_134' title='bbox 375 2333 446 2353; x_wconf 88' lang='lat' dir='ltr'>iooo</span> 
     </span>
     <span class='ocr_line' id='line_1_59' title="bbox 240 2363 425 2396; baseline -0.005 -7"><span class='ocrx_word' id='word_1_135' title='bbox 240 2363 425 2396; x_wconf 75' lang='lat' dir='ltr'>elementary</span> 
     </span>
     <span class='ocr_line' id='line_1_60' title="bbox 207 2396 470 2432; baseline -0.011 -8"><span class='ocrx_word' id='word_1_136' title='bbox 207 2403 300 2432; x_wconf 67' lang='lat' dir='ltr'>parts,</span> <span class='ocrx_word' id='word_1_137' title='bbox 322 2397 371 2423; x_wconf 81' lang='lat' dir='ltr'>the</span> <span class='ocrx_word' id='word_1_138' title='bbox 390 2396 470 2424; x_wconf 71' lang='lat' dir='ltr'>form</span> 
     </span>
     <span class='ocr_line' id='line_1_61' title="bbox 248 2430 423 2458; baseline -0.006 0"><span class='ocrx_word' id='word_1_139' title='bbox 248 2432 273 2458; x_wconf 76' lang='lat' dir='ltr'>is</span> <span class='ocrx_word' id='word_1_140' title='bbox 294 2430 423 2458; x_wconf 57' lang='lat' dir='ltr'>diffuse-11</span> 
     </span>
     <span class='ocr_line' id='line_1_62' title="bbox 240 2465 442 2500; baseline -0.01 -7"><span class='ocrx_word' id='word_1_141' title='bbox 240 2467 372 2500; x_wconf 66' lang='lat' dir='ltr'>through</span> <span class='ocrx_word' id='word_1_142' title='bbox 394 2465 442 2492; x_wconf 84' lang='lat' dir='ltr'>all.</span> 
     </span>
     <span class='ocr_line' id='line_1_63' title="bbox 285 2501 382 2529; baseline -0.031 0"><span class='ocrx_word' id='word_1_143' title='bbox 285 2501 327 2529; x_wconf 85' lang='lat' dir='ltr'>So</span> <span class='ocrx_word' id='word_1_144' title='bbox 349 2501 382 2527; x_wconf 55' lang='grc' dir='ltr'>οἵ</span> 
     </span>
     <span class='ocr_line' id='line_1_64' title="bbox 245 2535 425 2570; baseline -0.011 -7"><span class='ocrx_word' id='word_1_145' title='bbox 245 2537 346 2570; x_wconf 75' lang='lat' dir='ltr'>plants</span> <span class='ocrx_word' id='word_1_146' title='bbox 367 2535 425 2561; x_wconf 72' lang='lat' dir='ltr'>and</span> 
     </span>
     <span class='ocr_line' id='line_1_65' title="bbox 225 2571 444 2603; baseline -0.009 -6"><span class='ocrx_word' id='word_1_147' title='bbox 225 2571 365 2603; x_wconf 72' lang='lat' dir='ltr'>animals,</span> <span class='ocrx_word' id='word_1_148' title='bbox 387 2577 444 2595; x_wconf 75' lang='lat' dir='ltr'>one</span> 
     </span>
     <span class='ocr_line' id='line_1_66' title="bbox 207 2604 443 2639; baseline -0.017 -6"><span class='ocrx_word' id='word_1_149' title='bbox 207 2607 286 2633; x_wconf 68' lang='lat' dir='ltr'>torm</span> <span class='ocrx_word' id='word_1_150' title='bbox 309 2605 343 2631; x_wconf 86' lang='lat' dir='ltr'>of</span> <span class='ocrx_word' id='word_1_151' title='bbox 360 2604 443 2639; x_wconf 83' lang='lat' dir='ltr'>plant</span> 
     </span>
     <span class='ocr_line' id='line_1_67' title="bbox 226 2639 442 2667; baseline -0.014 0"><span class='ocrx_word' id='word_1_152' title='bbox 226 2648 261 2667; x_wconf 81' lang='lat' dir='ltr'>or</span> <span class='ocrx_word' id='word_1_153' title='bbox 281 2640 314 2666; x_wconf 69' lang='lat' dir='ltr'>ot</span> <span class='ocrx_word' id='word_1_154' title='bbox 332 2639 442 2665; x_wconf 77' lang='lat' dir='ltr'>animal</span> 
     </span>
    </p>
   </div>
   <div class='ocr_carea' id='block_1_3' title="bbox 886 251 1763 287">
    <p class='ocr_par' dir='ltr' id='par_1_7' title="bbox 886 251 1763 287">
     <span class='ocr_line' id='line_1_68' title="bbox 886 251 1763 287; baseline -0.008 -1"><span class='ocrx_word' id='word_1_155' title='bbox 886 255 1110 287; x_wconf 27' lang='lat' dir='ltr'>*IOHANNIS</span> <span class='ocrx_word' id='word_1_156' title='bbox 1136 254 1320 285; x_wconf 77' lang='lat' dir='ltr'>WYCLIF</span> <span class='ocrx_word' id='word_1_157' title='bbox 1585 251 1674 279; x_wconf 81' lang='lat' dir='ltr'>CAP.</span> <span class='ocrx_word' id='word_1_158' title='bbox 1697 251 1763 279; x_wconf 76' lang='lat' dir='ltr'>vlt.</span> 
     </span>
    </p>
   </div>
   <div class='ocr_carea' id='block_1_4' title="bbox 451 360 1913 2725">
    <p class='ocr_par' dir='ltr' id='par_1_8' title="bbox 451 360 1835 1447">
     <span class='ocr_line' id='line_1_69' title="bbox 451 360 1763 408; baseline -0.005 -7"><span class='ocrx_word' id='word_1_159' title='bbox 451 364 649 402; x_wconf 83' lang='lat' dir='ltr'>naturalia</span> <span class='ocrx_word' id='word_1_160' title='bbox 683 375 754 399; x_wconf 89' lang='lat' dir='ltr'>nec</span> <span class='ocrx_word' id='word_1_161' title='bbox 794 363 922 397; x_wconf 86' lang='lat' dir='ltr'>solum</span> <span class='ocrx_word' id='word_1_162' title='bbox 970 361 1091 408; x_wconf 81' lang='lat' dir='ltr'>dupla</span> <span class='ocrx_word' id='word_1_163' title='bbox 1125 362 1174 396; x_wconf 91' lang='lat' dir='ltr'>ad</span> <span class='ocrx_word' id='word_1_164' title='bbox 1215 360 1397 405; x_wconf 68' lang='lat' dir='ltr'>minima,</span> <span class='ocrx_word' id='word_1_165' title='bbox 1431 360 1505 395; x_wconf 88' lang='lat' dir='ltr'>nisi</span> <span class='ocrx_word' id='word_1_166' title='bbox 1540 360 1579 396; x_wconf 91' lang='lat' dir='ltr'>in</span> <span class='ocrx_word' id='word_1_167' title='bbox 1620 360 1763 407; x_wconf 80' lang='lat' dir='ltr'>mixtis,</span> 
     </span>
     <span class='ocr_line' id='line_1_70' title="bbox 454 418 1765 459; baseline -0.004 0"><span class='ocrx_word' id='word_1_168' title='bbox 454 423 519 459; x_wconf 88' lang='lat' dir='ltr'>ubi</span> <span class='ocrx_word' id='word_1_169' title='bbox 565 429 854 459; x_wconf 79' lang='lat' dir='ltr'>conservantur</span> <span class='ocrx_word' id='word_1_170' title='bbox 905 431 947 455; x_wconf 86' lang='lat' dir='ltr'>ex</span> <span class='ocrx_word' id='word_1_171' title='bbox 993 419 1175 455; x_wconf 85' lang='lat' dir='ltr'>armonia</span> <span class='ocrx_word' id='word_1_172' title='bbox 1221 418 1544 455; x_wconf 86' lang='lat' dir='ltr'>commixtorum.</span> <span class='ocrx_word' id='word_1_173' title='bbox 1595 420 1675 455; x_wconf 90' lang='lat' dir='ltr'>Nec</span> <span class='ocrx_word' id='word_1_174' title='bbox 1709 428 1765 454; x_wconf 90' lang='lat' dir='ltr'>est</span> 
     </span>
     <span class='ocr_line' id='line_1_71' title="bbox 455 475 1766 525; baseline -0.003 -8"><span class='ocrx_word' id='word_1_175' title='bbox 455 480 616 517; x_wconf 82' lang='lat' dir='ltr'>difficile</span> <span class='ocrx_word' id='word_1_176' title='bbox 632 488 786 523; x_wconf 74' lang='lat' dir='ltr'>nature,</span> <span class='ocrx_word' id='word_1_177' title='bbox 811 476 945 525; x_wconf 80' lang='lat' dir='ltr'>gracia</span> <span class='ocrx_word' id='word_1_178' title='bbox 969 476 1078 513; x_wconf 85' lang='lat' dir='ltr'>mixti</span> <span class='ocrx_word' id='word_1_179' title='bbox 1103 476 1365 524; x_wconf 74' lang='lat' dir='ltr'>producendi,</span> <span class='ocrx_word' id='word_1_180' title='bbox 1390 475 1522 512; x_wconf 88' lang='lat' dir='ltr'>subito</span> <span class='ocrx_word' id='word_1_181' title='bbox 1545 478 1766 524; x_wconf 84' lang='lat' dir='ltr'>producere</span> 
     </span>
     <span class='ocr_line' id='line_1_72' title="bbox 455 533 1767 588; baseline -0.004 -13"><span class='ocrx_word' id='word_1_182' title='bbox 455 538 655 588; x_wconf 82' lang='lat' dir='ltr'>quotlibet</span> <span class='ocrx_word' id='word_1_183' title='bbox 702 535 868 573; x_wconf 84' lang='lat' dir='ltr'>minima</span> <span class='ocrx_word' id='word_1_184' title='bbox 901 534 1103 571; x_wconf 86' lang='lat' dir='ltr'>naturalia</span> <span class='ocrx_word' id='word_1_185' title='bbox 1148 534 1188 570; x_wconf 89' lang='lat' dir='ltr'>in</span> <span class='ocrx_word' id='word_1_186' title='bbox 1223 534 1356 571; x_wconf 89' lang='lat' dir='ltr'>medio</span> <span class='ocrx_word' id='word_1_187' title='bbox 1403 533 1620 581; x_wconf 76' lang='lat' dir='ltr'>contrario,</span> <span class='ocrx_word' id='word_1_188' title='bbox 1667 534 1767 571; x_wconf 87' lang='lat' dir='ltr'>sicut</span> 
     </span>
     <span class='ocr_line' id='line_1_73' title="bbox 457 591 1801 644; baseline -0.004 -10"><span class='ocrx_word' id='word_1_189' title='bbox 457 595 652 644; x_wconf 84' lang='lat' dir='ltr'>contingit</span> <span class='ocrx_word' id='word_1_190' title='bbox 697 595 891 631; x_wconf 82' lang='lat' dir='ltr'>distanter</span> <span class='ocrx_word' id='word_1_191' title='bbox 935 592 1037 629; x_wconf 89' lang='lat' dir='ltr'>infra</span> <span class='ocrx_word' id='word_1_192' title='bbox 1082 602 1230 629; x_wconf 84' lang='lat' dir='ltr'>terram</span> <span class='ocrx_word' id='word_1_193' title='bbox 1280 602 1316 628; x_wconf 90' lang='lat' dir='ltr'>et</span> <span class='ocrx_word' id='word_1_194' title='bbox 1361 604 1508 640; x_wconf 81' lang='lat' dir='ltr'>aquam</span> <span class='ocrx_word' id='word_1_195' title='bbox 1555 601 1591 628; x_wconf 91' lang='lat' dir='ltr'>et</span> <span class='ocrx_word' id='word_1_196' title='bbox 1635 591 1801 640; x_wconf 65' lang='lat' dir='ltr'>ignemb</span> 
     </span>
     <span class='ocr_line' id='line_1_74' title="bbox 458 649 1769 698; baseline -0.005 -6"><span class='ocrx_word' id='word_1_197' title='bbox 458 665 495 692; x_wconf 92' lang='lat' dir='ltr'>et</span> <span class='ocrx_word' id='word_1_198' title='bbox 528 666 661 691; x_wconf 87' lang='lat' dir='ltr'>aerem</span> <span class='ocrx_word' id='word_1_199' title='bbox 685 667 707 690; x_wconf 88' lang='lat' dir='ltr'>a</span> <span class='ocrx_word' id='word_1_200' title='bbox 741 651 951 689; x_wconf 82' lang='lat' dir='ltr'>celestibus</span> <span class='ocrx_word' id='word_1_201' title='bbox 981 650 1162 698; x_wconf 80' lang='lat' dir='ltr'>generari</span> <span class='ocrx_word' id='word_1_202' title='bbox 1197 652 1246 687; x_wconf 87' lang='lat' dir='ltr'>ad</span> <span class='ocrx_word' id='word_1_203' title='bbox 1280 650 1390 686; x_wconf 86' lang='lat' dir='ltr'>mixti</span> <span class='ocrx_word' id='word_1_204' title='bbox 1420 649 1769 687; x_wconf 81' lang='lat' dir='ltr'>constitucionem.</span> 
     </span>
     <span class='ocr_line' id='line_1_75' title="bbox 458 708 1770 760; baseline -0.005 -10"><span class='ocrx_word' id='word_1_205' title='bbox 458 716 538 750; x_wconf 89' lang='lat' dir='ltr'>Nec</span> <span class='ocrx_word' id='word_1_206' title='bbox 579 711 761 760; x_wconf 88' lang='lat' dir='ltr'>sequitur</span> <span class='ocrx_word' id='word_1_207' title='bbox 795 710 903 759; x_wconf 89' lang='lat' dir='ltr'>quod</span> <span class='ocrx_word' id='word_1_208' title='bbox 942 708 1243 745; x_wconf 77' lang='lat' dir='ltr'>continuabitur</span> <span class='ocrx_word' id='word_1_209' title='bbox 1280 708 1411 744; x_wconf 86' lang='lat' dir='ltr'>subita</span> <span class='ocrx_word' id='word_1_210' title='bbox 1451 708 1637 744; x_wconf 88' lang='lat' dir='ltr'>elementi</span> <span class='ocrx_word' id='word_1_211' title='bbox 1676 721 1770 756; x_wconf 87' lang='lat' dir='ltr'>pro-</span> 
     </span>
     <span class='ocr_line' id='line_1_76' title="bbox 460 765 1772 818; baseline -0.005 -11"><span class='ocrx_word' id='word_1_212' title='bbox 460 771 615 815; x_wconf 66' lang='lat' dir='ltr'>duccio,</span> <span class='ocrx_word' id='word_1_213' title='bbox 657 769 750 818; x_wconf 88' lang='lat' dir='ltr'>quia</span> <span class='ocrx_word' id='word_1_214' title='bbox 784 766 943 805; x_wconf 84' lang='lat' dir='ltr'>deficiet</span> <span class='ocrx_word' id='word_1_215' title='bbox 982 767 1197 815; x_wconf 84' lang='lat' dir='ltr'>proporcio</span> <span class='ocrx_word' id='word_1_216' title='bbox 1230 776 1351 812; x_wconf 75' lang='lat' dir='ltr'>recta,</span> <span class='ocrx_word' id='word_1_217' title='bbox 1398 765 1533 814; x_wconf 81' lang='lat' dir='ltr'>gracia</span> <span class='ocrx_word' id='word_1_218' title='bbox 1566 766 1678 803; x_wconf 86' lang='lat' dir='ltr'>cuius</span> <span class='ocrx_word' id='word_1_219' title='bbox 1717 765 1772 802; x_wconf 90' lang='lat' dir='ltr'>sic</span> 
     </span>
     <span class='ocr_line' id='line_1_77' title="bbox 461 823 1774 873; baseline -0.005 -7"><span class='ocrx_word' id='word_1_220' title='bbox 461 830 586 866; x_wconf 84' lang='lat' dir='ltr'>fieret.</span> <span class='ocrx_word' id='word_1_221' title='bbox 621 826 867 864; x_wconf 79' lang='lat' dir='ltr'>Conceditur</span> <span class='ocrx_word' id='word_1_222' title='bbox 896 835 1033 862; x_wconf 86' lang='lat' dir='ltr'>tamen</span> <span class='ocrx_word' id='word_1_223' title='bbox 1067 826 1174 873; x_wconf 91' lang='lat' dir='ltr'>quod</span> <span class='ocrx_word' id='word_1_224' title='bbox 1208 837 1277 872; x_wconf 87' lang='lat' dir='ltr'>per</span> <span class='ocrx_word' id='word_1_225' title='bbox 1310 824 1543 861; x_wconf 86' lang='lat' dir='ltr'>divisionem</span> <span class='ocrx_word' id='word_1_226' title='bbox 1579 823 1774 871; x_wconf 84' lang='lat' dir='ltr'>contingit</span> 
     </span>
     <span class='ocr_line' id='line_1_78' title="bbox 462 882 1832 926; baseline -0.004 -3"><span class='ocrx_word' id='word_1_227' title='bbox 462 887 628 923; x_wconf 83' lang='lat' dir='ltr'>mixtum</span> <span class='ocrx_word' id='word_1_228' title='bbox 681 885 846 922; x_wconf 91' lang='lat' dir='ltr'>celerius</span> <span class='ocrx_word' id='word_1_229' title='bbox 896 883 1090 922; x_wconf 78' lang='lat' dir='ltr'>consumi,</span> <span class='ocrx_word' id='word_1_230' title='bbox 1136 883 1238 919; x_wconf 90' lang='lat' dir='ltr'>sicut</span> <span class='ocrx_word' id='word_1_231' title='bbox 1282 891 1480 919; x_wconf 86' lang='lat' dir='ltr'>noverunt</span> <span class='ocrx_word' id='word_1_232' title='bbox 1522 882 1832 926; x_wconf 76' lang='lat' dir='ltr'>Alchimiste‚1o</span> 
     </span>
     <span class='ocr_line' id='line_1_79' title="bbox 463 941 1775 990; baseline -0.004 -9"><span class='ocrx_word' id='word_1_233' title='bbox 463 945 707 982; x_wconf 86' lang='lat' dir='ltr'>calcinantes</span> <span class='ocrx_word' id='word_1_234' title='bbox 760 943 921 979; x_wconf 83' lang='lat' dir='ltr'>metalla</span> <span class='ocrx_word' id='word_1_235' title='bbox 982 941 1230 990; x_wconf 81' lang='lat' dir='ltr'>imperfecta,</span> <span class='ocrx_word' id='word_1_236' title='bbox 1293 950 1329 977; x_wconf 91' lang='lat' dir='ltr'>et</span> <span class='ocrx_word' id='word_1_237' title='bbox 1382 942 1643 989; x_wconf 86' lang='lat' dir='ltr'>postmodum</span> <span class='ocrx_word' id='word_1_238' title='bbox 1705 952 1775 988; x_wconf 86' lang='lat' dir='ltr'>per</span> 
     </span>
     <span class='ocr_line' id='line_1_80' title="bbox 465 999 1775 1049; baseline -0.005 -9"><span class='ocrx_word' id='word_1_239' title='bbox 465 1004 699 1047; x_wconf 85' lang='lat' dir='ltr'>mediantes,</span> <span class='ocrx_word' id='word_1_240' title='bbox 737 1001 993 1049; x_wconf 84' lang='lat' dir='ltr'>disponentes</span> <span class='ocrx_word' id='word_1_241' title='bbox 1024 999 1232 1045; x_wconf 80' lang='lat' dir='ltr'>calcinata‚</span> <span class='ocrx_word' id='word_1_242' title='bbox 1260 1009 1442 1047; x_wconf 79' lang='lat' dir='ltr'>purgata,</span> <span class='ocrx_word' id='word_1_243' title='bbox 1478 1008 1515 1035; x_wconf 87' lang='lat' dir='ltr'>et</span> <span class='ocrx_word' id='word_1_244' title='bbox 1550 999 1775 1046; x_wconf 79' lang='lat' dir='ltr'>coagulata,</span> 
     </span>
     <span class='ocr_line' id='line_1_81' title="bbox 465 1056 1777 1107; baseline -0.005 -9"><span class='ocrx_word' id='word_1_245' title='bbox 465 1063 514 1098; x_wconf 90' lang='lat' dir='ltr'>ad</span> <span class='ocrx_word' id='word_1_246' title='bbox 549 1062 699 1097; x_wconf 88' lang='lat' dir='ltr'>formas</span> <span class='ocrx_word' id='word_1_247' title='bbox 733 1058 1013 1107; x_wconf 86' lang='lat' dir='ltr'>perfecciores.</span> <span class='ocrx_word' id='word_1_248' title='bbox 1059 1059 1376 1105; x_wconf 86' lang='lat' dir='ltr'>Verumptamen</span> <span class='ocrx_word' id='word_1_249' title='bbox 1410 1057 1465 1093; x_wconf 88' lang='lat' dir='ltr'>sic</span> <span class='ocrx_word' id='word_1_250' title='bbox 1499 1056 1674 1093; x_wconf 80' lang='lat' dir='ltr'>dividere</span> <span class='ocrx_word' id='word_1_251' title='bbox 1707 1068 1777 1104; x_wconf 88' lang='lat' dir='ltr'>per</span> 
     </span>
     <span class='ocr_line' id='line_1_82' title="bbox 467 1114 1775 1168; baseline -0.005 -12"><span class='ocrx_word' id='word_1_252' title='bbox 467 1120 598 1168; x_wconf 85' lang='lat' dir='ltr'>ignem</span> <span class='ocrx_word' id='word_1_253' title='bbox 623 1127 680 1155; x_wconf 92' lang='lat' dir='ltr'>est</span> <span class='ocrx_word' id='word_1_254' title='bbox 703 1117 969 1161; x_wconf 84' lang='lat' dir='ltr'>laboriosum3</span> <span class='ocrx_word' id='word_1_255' title='bbox 1000 1127 1072 1151; x_wconf 89' lang='lat' dir='ltr'>nec</span> <span class='ocrx_word' id='word_1_256' title='bbox 1094 1115 1167 1151; x_wconf 88' lang='lat' dir='ltr'>scit</span> <span class='ocrx_word' id='word_1_257' title='bbox 1190 1114 1327 1151; x_wconf 86' lang='lat' dir='ltr'>artifex</span> <span class='ocrx_word' id='word_1_258' title='bbox 1350 1127 1421 1163; x_wconf 86' lang='lat' dir='ltr'>per</span> <span class='ocrx_word' id='word_1_259' title='bbox 1443 1114 1775 1151; x_wconf 87' lang='lat' dir='ltr'>sublimacionem</span> 
     </span>
     <span class='ocr_line' id='line_1_83' title="bbox 470 1172 1835 1222; baseline -0.001 -9"><span class='ocrx_word' id='word_1_260' title='bbox 470 1177 646 1213; x_wconf 81' lang='lat' dir='ltr'>dividere</span> <span class='ocrx_word' id='word_1_261' title='bbox 663 1175 758 1213; x_wconf 88' lang='lat' dir='ltr'>talia</span> <span class='ocrx_word' id='word_1_262' title='bbox 775 1173 987 1222; x_wconf 78' lang='lat' dir='ltr'>omogenia</span> <span class='ocrx_word' id='word_1_263' title='bbox 1010 1173 1050 1209; x_wconf 91' lang='lat' dir='ltr'>in</span> <span class='ocrx_word' id='word_1_264' title='bbox 1067 1172 1234 1209; x_wconf 86' lang='lat' dir='ltr'>minima</span> <span class='ocrx_word' id='word_1_265' title='bbox 1251 1172 1462 1217; x_wconf 70' lang='lat' dir='ltr'>naturalia,</span> <span class='ocrx_word' id='word_1_266' title='bbox 1481 1185 1570 1209; x_wconf 87' lang='lat' dir='ltr'>curn</span> <span class='ocrx_word' id='word_1_267' title='bbox 1587 1174 1779 1208; x_wconf 87' lang='lat' dir='ltr'>excedunt</span> <span class='ocrx_word' id='word_1_268' title='bbox 1800 1180 1835 1211; x_wconf 74' lang='lat'>15</span> 
     </span>
     <span class='ocr_line' id='line_1_84' title="bbox 469 1230 1778 1278; baseline -0.005 -6"><span class='ocrx_word' id='word_1_269' title='bbox 469 1235 664 1272; x_wconf 84' lang='lat' dir='ltr'>iudicium</span> <span class='ocrx_word' id='word_1_270' title='bbox 698 1246 850 1270; x_wconf 88' lang='lat' dir='ltr'>sensus.</span> <span class='ocrx_word' id='word_1_271' title='bbox 885 1234 978 1268; x_wconf 85' lang='lat' dir='ltr'>Ideo</span> <span class='ocrx_word' id='word_1_272' title='bbox 1013 1241 1147 1268; x_wconf 86' lang='lat' dir='ltr'>errant</span> <span class='ocrx_word' id='word_1_273' title='bbox 1176 1231 1350 1267; x_wconf 82' lang='lat' dir='ltr'>artifices</span> <span class='ocrx_word' id='word_1_274' title='bbox 1383 1230 1422 1267; x_wconf 89' lang='lat' dir='ltr'>in</span> <span class='ocrx_word' id='word_1_275' title='bbox 1455 1230 1538 1266; x_wconf 89' lang='lat' dir='ltr'>istis</span> <span class='ocrx_word' id='word_1_276' title='bbox 1572 1230 1778 1278; x_wconf 80' lang='lat' dir='ltr'>operibus3</span> 
     </span>
     <span class='ocr_line' id='line_1_85' title="bbox 470 1288 1780 1343; baseline -0.005 -13"><span class='ocrx_word' id='word_1_277' title='bbox 470 1295 575 1343; x_wconf 88' lang='lat' dir='ltr'>quod</span> <span class='ocrx_word' id='word_1_278' title='bbox 622 1293 652 1329; x_wconf 89' lang='lat' dir='ltr'>si</span> <span class='ocrx_word' id='word_1_279' title='bbox 698 1292 910 1340; x_wconf 82' lang='lat' dir='ltr'>perficiunt</span> <span class='ocrx_word' id='word_1_280' title='bbox 956 1300 1013 1326; x_wconf 89' lang='lat' dir='ltr'>est</span> <span class='ocrx_word' id='word_1_281' title='bbox 1061 1302 1187 1337; x_wconf 79' lang='lat' dir='ltr'>prope</span> <span class='ocrx_word' id='word_1_282' title='bbox 1234 1290 1405 1334; x_wconf 77' lang='lat' dir='ltr'>casuale,</span> <span class='ocrx_word' id='word_1_283' title='bbox 1451 1301 1540 1325; x_wconf 86' lang='lat' dir='ltr'>curn</span> <span class='ocrx_word' id='word_1_284' title='bbox 1594 1288 1780 1325; x_wconf 84' lang='lat' dir='ltr'>execucio</span> 
     </span>
     <span class='ocr_line' id='line_1_86' title="bbox 471 1346 1781 1401; baseline -0.002 -16"><span class='ocrx_word' id='word_1_285' title='bbox 471 1351 647 1401; x_wconf 76' lang='lat' dir='ltr'>practica</span> <span class='ocrx_word' id='word_1_286' title='bbox 695 1350 811 1386; x_wconf 85' lang='lat' dir='ltr'>huius</span> <span class='ocrx_word' id='word_1_287' title='bbox 855 1348 1025 1386; x_wconf 86' lang='lat' dir='ltr'>sciencie</span> <span class='ocrx_word' id='word_1_288' title='bbox 1071 1347 1205 1384; x_wconf 82' lang='lat' dir='ltr'>deficit</span> <span class='ocrx_word' id='word_1_289' title='bbox 1244 1357 1408 1395; x_wconf 81' lang='lat' dir='ltr'>propter</span> <span class='ocrx_word' id='word_1_290' title='bbox 1448 1346 1613 1383; x_wconf 86' lang='lat' dir='ltr'>materie</span> <span class='ocrx_word' id='word_1_291' title='bbox 1657 1346 1781 1383; x_wconf 87' lang='lat' dir='ltr'>subti-</span> 
     </span>
     <span class='ocr_line' id='line_1_87' title="bbox 470 1411 638 1447; baseline -0.012 0"><span class='ocrx_word' id='word_1_292' title='bbox 470 1411 638 1447; x_wconf 86' lang='lat' dir='ltr'>litatem.</span> 
     </span>
    </p>

    <p class='ocr_par' dir='ltr' id='par_1_9' title="bbox 472 1462 1913 2383">
     <span class='ocr_line' id='line_1_88' title="bbox 530 1462 1840 1515; baseline -0.002 -12"><span class='ocrx_word' id='word_1_293' title='bbox 530 1469 583 1503; x_wconf 83' lang='lat' dir='ltr'>Ex</span> <span class='ocrx_word' id='word_1_294' title='bbox 616 1480 695 1515; x_wconf 87' lang='lat' dir='ltr'>quo</span> <span class='ocrx_word' id='word_1_295' title='bbox 731 1475 837 1514; x_wconf 79' lang='lat' dir='ltr'>patet</span> <span class='ocrx_word' id='word_1_296' title='bbox 871 1466 979 1512; x_wconf 82' lang='lat' dir='ltr'>quod</span> <span class='ocrx_word' id='word_1_297' title='bbox 1003 1473 1095 1500; x_wconf 90' lang='lat' dir='ltr'>sunt</span> <span class='ocrx_word' id='word_1_298' title='bbox 1116 1462 1229 1499; x_wconf 86' lang='lat' dir='ltr'>multi</span> <span class='ocrx_word' id='word_1_299' title='bbox 1264 1464 1411 1510; x_wconf 73' lang='lat' dir='ltr'>gradus</span> <span class='ocrx_word' id='word_1_300' title='bbox 1445 1463 1483 1499; x_wconf 93' lang='lat' dir='ltr'>in</span> <span class='ocrx_word' id='word_1_301' title='bbox 1507 1462 1782 1499; x_wconf 86' lang='lat' dir='ltr'>continuacio-</span> <span class='ocrx_word' id='word_1_302' title='bbox 1799 1480 1840 1500; x_wconf 60' lang='grc' dir='ltr'>πο</span> 
     </span>
     <span class='ocr_line' id='line_1_89' title="bbox 472 1520 1783 1572; baseline -0.005 -10"><span class='ocrx_word' id='word_1_303' title='bbox 472 1526 587 1562; x_wconf 84' lang='lat' dir='ltr'>nibus</span> <span class='ocrx_word' id='word_1_304' title='bbox 622 1536 852 1572; x_wconf 80' lang='lat' dir='ltr'>corporum.</span> <span class='ocrx_word' id='word_1_305' title='bbox 898 1532 935 1559; x_wconf 90' lang='lat' dir='ltr'>et</span> <span class='ocrx_word' id='word_1_306' title='bbox 984 1523 1206 1558; x_wconf 85' lang='lat' dir='ltr'>formarum</span> <span class='ocrx_word' id='word_1_307' title='bbox 1248 1521 1391 1569; x_wconf 89' lang='lat' dir='ltr'>quibus</span> <span class='ocrx_word' id='word_1_308' title='bbox 1432 1521 1530 1557; x_wconf 80' lang='lat' dir='ltr'>fiunt</span> <span class='ocrx_word' id='word_1_309' title='bbox 1577 1520 1783 1557; x_wconf 89' lang='lat' dir='ltr'>continua-</span> 
     </span>
     <span class='ocr_line' id='line_1_90' title="bbox 476 1579 1913 1635; baseline -0.003 -14"><span class='ocrx_word' id='word_1_310' title='bbox 476 1584 631 1623; x_wconf 82' lang='lat' dir='ltr'>ciones:</span> <span class='ocrx_word' id='word_1_311' title='bbox 661 1580 666 1635; x_wconf 79' lang='grc' dir='ltr'>Ι</span> <span class='ocrx_word' id='word_1_312' title='bbox 696 1592 733 1619; x_wconf 90' lang='lat' dir='ltr'>et</span> <span class='ocrx_word' id='word_1_313' title='bbox 756 1580 955 1629; x_wconf 84' lang='lat' dir='ltr'>simplicia</span> <span class='ocrx_word' id='word_1_314' title='bbox 988 1589 1078 1616; x_wconf 86' lang='lat' dir='ltr'>sunt</span> <span class='ocrx_word' id='word_1_315' title='bbox 1104 1579 1319 1616; x_wconf 83' lang='lat' dir='ltr'>fortissime</span> <span class='ocrx_word' id='word_1_316' title='bbox 1353 1579 1600 1619; x_wconf 82' lang='lat' dir='ltr'>continuata,</span> <span class='ocrx_word' id='word_1_317' title='bbox 1634 1589 1671 1615; x_wconf 87' lang='lat' dir='ltr'>et</span> <span class='ocrx_word' id='word_1_318' title='bbox 1694 1588 1783 1626; x_wconf 84' lang='lat' dir='ltr'>post</span> <span class='ocrx_word' id='word_1_319' title='bbox 1815 1586 1838 1616; x_wconf 78' lang='grc' dir='ltr'>Β</span> <span class='ocrx_word' id='word_1_320' title='bbox 1853 1586 1913 1616; x_wconf 66' lang='lat'>&gt;50⁸</span> 
     </span>
     <span class='ocr_line' id='line_1_91' title="bbox 475 1637 1783 1691; baseline -0.005 -13"><span class='ocrx_word' id='word_1_321' title='bbox 475 1642 672 1691; x_wconf 72' lang='lat' dir='ltr'>gradatim</span> <span class='ocrx_word' id='word_1_322' title='bbox 700 1640 828 1677; x_wconf 89' lang='lat' dir='ltr'>modis</span> <span class='ocrx_word' id='word_1_323' title='bbox 860 1639 940 1675; x_wconf 88' lang='lat' dir='ltr'>suis</span> <span class='ocrx_word' id='word_1_324' title='bbox 965 1639 1232 1675; x_wconf 84' lang='lat' dir='ltr'>extenduntur</span> <span class='ocrx_word' id='word_1_325' title='bbox 1255 1638 1381 1674; x_wconf 87' lang='lat' dir='ltr'>forme</span> <span class='ocrx_word' id='word_1_326' title='bbox 1407 1637 1538 1677; x_wconf 78' lang='lat' dir='ltr'>mixte,</span> <span class='ocrx_word' id='word_1_327' title='bbox 1563 1638 1783 1673; x_wconf 85' lang='lat' dir='ltr'>secundum</span> 
     </span>
     <span class='ocr_line' id='line_1_92' title="bbox 477 1696 1786 1749; baseline -0.005 -13"><span class='ocrx_word' id='word_1_328' title='bbox 477 1701 584 1749; x_wconf 85' lang='lat' dir='ltr'>quod</span> <span class='ocrx_word' id='word_1_329' title='bbox 630 1709 721 1735; x_wconf 87' lang='lat' dir='ltr'>sunt</span> <span class='ocrx_word' id='word_1_330' title='bbox 774 1697 964 1746; x_wconf 74' lang='lat' dir='ltr'>propiora</span> <span class='ocrx_word' id='word_1_331' title='bbox 1016 1696 1237 1733; x_wconf 77' lang='lat' dir='ltr'>elementis,</span> <span class='ocrx_word' id='word_1_332' title='bbox 1296 1697 1412 1732; x_wconf 87' lang='lat' dir='ltr'>Nulla</span> <span class='ocrx_word' id='word_1_333' title='bbox 1465 1705 1600 1732; x_wconf 86' lang='lat' dir='ltr'>tamen</span> <span class='ocrx_word' id='word_1_334' title='bbox 1658 1696 1786 1731; x_wconf 88' lang='lat' dir='ltr'>forma</span> 
     </span>
     <span class='ocr_line' id='line_1_93' title="bbox 478 1753 1842 1806; baseline -0.002 -12"><span class='ocrx_word' id='word_1_335' title='bbox 478 1757 739 1806; x_wconf 81' lang='lat' dir='ltr'>superaddita</span> <span class='ocrx_word' id='word_1_336' title='bbox 785 1754 1009 1792; x_wconf 80' lang='lat' dir='ltr'>extenditur</span> <span class='ocrx_word' id='word_1_337' title='bbox 1056 1767 1126 1802; x_wconf 77' lang='lat' dir='ltr'>per</span> <span class='ocrx_word' id='word_1_338' title='bbox 1169 1754 1391 1790; x_wconf 85' lang='lat' dir='ltr'>subiectum</span> <span class='ocrx_word' id='word_1_339' title='bbox 1441 1766 1511 1801; x_wconf 80' lang='lat' dir='ltr'>par</span> <span class='ocrx_word' id='word_1_340' title='bbox 1550 1754 1609 1790; x_wconf 80' lang='lat' dir='ltr'>vel</span> <span class='ocrx_word' id='word_1_341' title='bbox 1656 1753 1786 1789; x_wconf 88' lang='lat' dir='ltr'>minus</span> <span class='ocrx_word' id='word_1_342' title='bbox 1805 1760 1842 1792; x_wconf 74' lang='lat'>25</span> 
     </span>
     <span class='ocr_line' id='line_1_94' title="bbox 479 1811 1788 1863; baseline -0.005 -10"><span class='ocrx_word' id='word_1_343' title='bbox 479 1816 702 1853; x_wconf 87' lang='lat' dir='ltr'>subiectum</span> <span class='ocrx_word' id='word_1_344' title='bbox 749 1827 869 1863; x_wconf 88' lang='lat' dir='ltr'>quam</span> <span class='ocrx_word' id='word_1_345' title='bbox 916 1812 1061 1849; x_wconf 76' lang='lat' dir='ltr'>sufficit</span> <span class='ocrx_word' id='word_1_346' title='bbox 1107 1825 1250 1860; x_wconf 80' lang='lat' dir='ltr'>corpus</span> <span class='ocrx_word' id='word_1_347' title='bbox 1295 1811 1400 1848; x_wconf 81' lang='lat' dir='ltr'>illius</span> <span class='ocrx_word' id='word_1_348' title='bbox 1444 1811 1590 1860; x_wconf 87' lang='lat' dir='ltr'>speciei</span> <span class='ocrx_word' id='word_1_349' title='bbox 1635 1824 1704 1859; x_wconf 82' lang='lat' dir='ltr'>per</span> <span class='ocrx_word' id='word_1_350' title='bbox 1748 1824 1788 1847; x_wconf 85' lang='lat' dir='ltr'>se</span> 
     </span>
     <span class='ocr_line' id='line_1_95' title="bbox 476 1869 1789 1920; baseline -0.005 -8"><span class='ocrx_word' id='word_1_351' title='bbox 476 1888 577 1920; x_wconf 79' lang='lat' dir='ltr'>esse3</span> <span class='ocrx_word' id='word_1_352' title='bbox 612 1884 654 1910; x_wconf 89' lang='lat' dir='ltr'>ut</span> <span class='ocrx_word' id='word_1_353' title='bbox 687 1873 717 1909; x_wconf 87' lang='lat' dir='ltr'>si</span> <span class='ocrx_word' id='word_1_354' title='bbox 751 1874 800 1909; x_wconf 82' lang='lat' dir='ltr'>ad</span> <span class='ocrx_word' id='word_1_355' title='bbox 834 1884 914 1909; x_wconf 70' lang='lat' dir='ltr'>esse</span> <span class='ocrx_word' id='word_1_356' title='bbox 953 1871 1098 1919; x_wconf 86' lang='lat' dir='ltr'>lapidis</span> <span class='ocrx_word' id='word_1_357' title='bbox 1132 1870 1348 1919; x_wconf 85' lang='lat' dir='ltr'>requiritur</span> <span class='ocrx_word' id='word_1_358' title='bbox 1381 1869 1647 1906; x_wconf 86' lang='lat' dir='ltr'>adnascencia</span> <span class='ocrx_word' id='word_1_359' title='bbox 1682 1869 1789 1905; x_wconf 87' lang='lat' dir='ltr'>mille</span> 
     </span>
     <span class='ocr_line' id='line_1_96' title="bbox 476 1928 1789 1980; baseline -0.005 -11"><span class='ocrx_word' id='word_1_360' title='bbox 476 1947 557 1970; x_wconf 91' lang='lat' dir='ltr'>non</span> <span class='ocrx_word' id='word_1_361' title='bbox 591 1941 835 1980; x_wconf 84' lang='lat' dir='ltr'>quantarum</span> <span class='ocrx_word' id='word_1_362' title='bbox 870 1932 917 1966; x_wconf 88' lang='lat' dir='ltr'>de</span> <span class='ocrx_word' id='word_1_363' title='bbox 959 1928 1176 1969; x_wconf 56' lang='lat' dir='ltr'>elementis</span> <span class='ocrx_word' id='word_1_364' title='bbox 1210 1938 1304 1964; x_wconf 86' lang='lat' dir='ltr'>tunc</span> <span class='ocrx_word' id='word_1_365' title='bbox 1337 1937 1536 1976; x_wconf 87' lang='lat' dir='ltr'>quotquot</span> <span class='ocrx_word' id='word_1_366' title='bbox 1568 1936 1659 1964; x_wconf 89' lang='lat' dir='ltr'>sunt</span> <span class='ocrx_word' id='word_1_367' title='bbox 1692 1928 1789 1963; x_wconf 83' lang='lat' dir='ltr'>tales</span> 
     </span>
     <span class='ocr_line' id='line_1_97' title="bbox 480 1985 1791 2036; baseline -0.005 -9"><span class='ocrx_word' id='word_1_368' title='bbox 480 1990 691 2028; x_wconf 84' lang='lat' dir='ltr'>millenarii</span> <span class='ocrx_word' id='word_1_369' title='bbox 726 1989 856 2025; x_wconf 87' lang='lat' dir='ltr'>debite</span> <span class='ocrx_word' id='word_1_370' title='bbox 896 1986 1205 2036; x_wconf 80' lang='lat' dir='ltr'>proportionati‚</span> <span class='ocrx_word' id='word_1_371' title='bbox 1251 1986 1331 2022; x_wconf 74' lang='lat' dir='ltr'>sive</span> <span class='ocrx_word' id='word_1_372' title='bbox 1370 1985 1666 2024; x_wconf 81' lang='lat' dir='ltr'>continuitates,</span> <span class='ocrx_word' id='word_1_373' title='bbox 1711 1985 1791 2021; x_wconf 78' lang='lat' dir='ltr'>sive</span> 
     </span>
     <span class='ocr_line' id='line_1_98' title="bbox 480 2044 1851 2094; baseline -0.005 -8"><span class='ocrx_word' id='word_1_374' title='bbox 480 2063 559 2086; x_wconf 90' lang='lat' dir='ltr'>non</span> <span class='ocrx_word' id='word_1_375' title='bbox 600 2047 897 2086; x_wconf 82' lang='lat' dir='ltr'>continuitates,</span> <span class='ocrx_word' id='word_1_376' title='bbox 938 2056 996 2082; x_wconf 87' lang='lat' dir='ltr'>tot</span> <span class='ocrx_word' id='word_1_377' title='bbox 1034 2045 1188 2094; x_wconf 86' lang='lat' dir='ltr'>precise</span> <span class='ocrx_word' id='word_1_378' title='bbox 1231 2053 1321 2080; x_wconf 87' lang='lat' dir='ltr'>sunt</span> <span class='ocrx_word' id='word_1_379' title='bbox 1366 2045 1493 2080; x_wconf 88' lang='lat' dir='ltr'>forme</span> <span class='ocrx_word' id='word_1_380' title='bbox 1537 2044 1716 2092; x_wconf 86' lang='lat' dir='ltr'>lapidum</span> <span class='ocrx_word' id='word_1_381' title='bbox 1757 2053 1793 2080; x_wconf 80' lang='lat' dir='ltr'>et</span> <span class='ocrx_word' id='word_1_382' title='bbox 1810 2052 1851 2083; x_wconf 51' lang='grc' dir='ltr'>ζέω</span> 
     </span>
     <span class='ocr_line' id='line_1_99' title="bbox 481 2102 1792 2157; baseline -0.003 -16"><span class='ocrx_word' id='word_1_383' title='bbox 481 2121 551 2157; x_wconf 77' lang='lat' dir='ltr'>per</span> <span class='ocrx_word' id='word_1_384' title='bbox 575 2118 824 2154; x_wconf 84' lang='lat' dir='ltr'>consequens</span> <span class='ocrx_word' id='word_1_385' title='bbox 858 2104 1026 2152; x_wconf 87' lang='lat' dir='ltr'>lapides.</span> <span class='ocrx_word' id='word_1_386' title='bbox 1061 2106 1107 2140; x_wconf 79' lang='lat' dir='ltr'>Et</span> <span class='ocrx_word' id='word_1_387' title='bbox 1131 2104 1199 2145; x_wconf 74' lang='lat' dir='ltr'>sic,</span> <span class='ocrx_word' id='word_1_388' title='bbox 1234 2102 1381 2139; x_wconf 88' lang='lat' dir='ltr'>notatis</span> <span class='ocrx_word' id='word_1_389' title='bbox 1404 2115 1576 2139; x_wconf 87' lang='lat' dir='ltr'>numero</span> <span class='ocrx_word' id='word_1_390' title='bbox 1610 2112 1646 2139; x_wconf 86' lang='lat' dir='ltr'>et</span> <span class='ocrx_word' id='word_1_391' title='bbox 1672 2103 1792 2138; x_wconf 90' lang='lat' dir='ltr'>modo</span> 
     </span>
     <span class='ocr_line' id='line_1_100' title="bbox 483 2160 1795 2211; baseline -0.005 -9"><span class='ocrx_word' id='word_1_392' title='bbox 483 2168 742 2203; x_wconf 78' lang='lat' dir='ltr'>atliomorum</span> <span class='ocrx_word' id='word_1_393' title='bbox 768 2163 1055 2211; x_wconf 84' lang='lat' dir='ltr'>requisitorum</span> <span class='ocrx_word' id='word_1_394' title='bbox 1088 2163 1137 2199; x_wconf 88' lang='lat' dir='ltr'>ad</span> <span class='ocrx_word' id='word_1_395' title='bbox 1169 2174 1248 2198; x_wconf 70' lang='lat' dir='ltr'>esse</span> <span class='ocrx_word' id='word_1_396' title='bbox 1281 2173 1448 2197; x_wconf 81' lang='lat' dir='ltr'>causans</span> <span class='ocrx_word' id='word_1_397' title='bbox 1472 2162 1606 2209; x_wconf 83' lang='lat' dir='ltr'>plante</span> <span class='ocrx_word' id='word_1_398' title='bbox 1639 2160 1795 2197; x_wconf 80' lang='lat' dir='ltr'>arboris</span> 
     </span>
     <span class='ocr_line' id='line_1_101' title="bbox 484 2218 1795 2270; baseline -0.005 -10"><span class='ocrx_word' id='word_1_399' title='bbox 484 2225 544 2261; x_wconf 72' lang='lat' dir='ltr'>vel</span> <span class='ocrx_word' id='word_1_400' title='bbox 590 2223 863 2270; x_wconf 83' lang='lat' dir='ltr'>cuiuscunque</span> <span class='ocrx_word' id='word_1_401' title='bbox 908 2221 1069 2257; x_wconf 90' lang='lat' dir='ltr'>alterius</span> <span class='ocrx_word' id='word_1_402' title='bbox 1116 2219 1240 2262; x_wconf 79' lang='lat' dir='ltr'>mixti,</span> <span class='ocrx_word' id='word_1_403' title='bbox 1274 2228 1332 2256; x_wconf 92' lang='lat' dir='ltr'>tot</span> <span class='ocrx_word' id='word_1_404' title='bbox 1371 2228 1462 2255; x_wconf 89' lang='lat' dir='ltr'>sunt</span> <span class='ocrx_word' id='word_1_405' title='bbox 1495 2219 1622 2255; x_wconf 88' lang='lat' dir='ltr'>forme</span> <span class='ocrx_word' id='word_1_406' title='bbox 1661 2228 1698 2254; x_wconf 89' lang='lat' dir='ltr'>et</span> <span class='ocrx_word' id='word_1_407' title='bbox 1738 2218 1795 2254; x_wconf 91' lang='lat' dir='ltr'>in-</span> 
     </span>
     <span class='ocr_line' id='line_1_102' title="bbox 486 2278 1794 2329; baseline -0.005 -11"><span class='ocrx_word' id='word_1_408' title='bbox 486 2282 648 2318; x_wconf 73' lang='lat' dir='ltr'>dividua</span> <span class='ocrx_word' id='word_1_409' title='bbox 674 2290 769 2329; x_wconf 87' lang='lat' dir='ltr'>quot</span> <span class='ocrx_word' id='word_1_410' title='bbox 803 2289 894 2316; x_wconf 89' lang='lat' dir='ltr'>sunt</span> <span class='ocrx_word' id='word_1_411' title='bbox 927 2280 1026 2316; x_wconf 89' lang='lat' dir='ltr'>tales</span> <span class='ocrx_word' id='word_1_412' title='bbox 1050 2278 1228 2323; x_wconf 78' lang='lat' dir='ltr'>numeri3</span> <span class='ocrx_word' id='word_1_413' title='bbox 1263 2287 1298 2314; x_wconf 87' lang='lat' dir='ltr'>et</span> <span class='ocrx_word' id='word_1_414' title='bbox 1332 2278 1380 2313; x_wconf 86' lang='lat' dir='ltr'>ad</span> <span class='ocrx_word' id='word_1_415' title='bbox 1405 2289 1567 2313; x_wconf 90' lang='lat' dir='ltr'>omnem</span> <span class='ocrx_word' id='word_1_416' title='bbox 1601 2286 1794 2325; x_wconf 80' lang='lat' dir='ltr'>punctum</span> 
     </span>
     <span class='ocr_line' id='line_1_103' title="bbox 486 2335 1854 2383; baseline -0.003 -7"><span class='ocrx_word' id='word_1_417' title='bbox 486 2341 576 2377; x_wconf 87' lang='lat' dir='ltr'>talis</span> <span class='ocrx_word' id='word_1_418' title='bbox 609 2339 765 2375; x_wconf 83' lang='lat' dir='ltr'>numeri</span> <span class='ocrx_word' id='word_1_419' title='bbox 801 2348 858 2375; x_wconf 83' lang='lat' dir='ltr'>est</span> <span class='ocrx_word' id='word_1_420' title='bbox 893 2350 1025 2383; x_wconf 72' lang='lat' dir='ltr'>causa,</span> <span class='ocrx_word' id='word_1_421' title='bbox 1051 2337 1178 2373; x_wconf 86' lang='lat' dir='ltr'>forma</span> <span class='ocrx_word' id='word_1_422' title='bbox 1212 2335 1479 2380; x_wconf 75' lang='lat' dir='ltr'>indivisibilis,</span> <span class='ocrx_word' id='word_1_423' title='bbox 1521 2335 1854 2383; x_wconf 66' lang='lat' dir='ltr'>intiltiplicata.35</span> 
     </span>
    </p>

    <p class='ocr_par' dir='ltr' id='par_1_10' title="bbox 487 2393 1860 2725">
     <span class='ocr_line' id='line_1_104' title="bbox 545 2393 1799 2442; baseline -0.005 -8"><span class='ocrx_word' id='word_1_424' title='bbox 545 2400 637 2434; x_wconf 90' lang='lat' dir='ltr'>Ideo</span> <span class='ocrx_word' id='word_1_425' title='bbox 683 2397 814 2433; x_wconf 85' lang='lat' dir='ltr'>differt</span> <span class='ocrx_word' id='word_1_426' title='bbox 860 2395 1035 2432; x_wconf 81' lang='lat' dir='ltr'>extensio</span> <span class='ocrx_word' id='word_1_427' title='bbox 1079 2395 1206 2431; x_wconf 89' lang='lat' dir='ltr'>forme</span> <span class='ocrx_word' id='word_1_428' title='bbox 1250 2393 1505 2442; x_wconf 87' lang='lat' dir='ltr'>superaddite</span> <span class='ocrx_word' id='word_1_429' title='bbox 1551 2393 1661 2430; x_wconf 86' lang='lat' dir='ltr'>cuius</span> <span class='ocrx_word' id='word_1_430' title='bbox 1707 2405 1799 2441; x_wconf 85' lang='lat' dir='ltr'>pars</span> 
     </span>
     <span class='ocr_line' id='line_1_105' title="bbox 487 2451 1799 2502; baseline -0.005 -10"><span class='ocrx_word' id='word_1_431' title='bbox 487 2455 740 2492; x_wconf 83' lang='lat' dir='ltr'>indivisibilis</span> <span class='ocrx_word' id='word_1_432' title='bbox 774 2463 830 2491; x_wconf 90' lang='lat' dir='ltr'>est</span> <span class='ocrx_word' id='word_1_433' title='bbox 865 2453 1145 2502; x_wconf 83' lang='lat' dir='ltr'>multiplicata,</span> <span class='ocrx_word' id='word_1_434' title='bbox 1185 2462 1221 2488; x_wconf 87' lang='lat' dir='ltr'>et</span> <span class='ocrx_word' id='word_1_435' title='bbox 1256 2451 1430 2488; x_wconf 80' lang='lat' dir='ltr'>extensio</span> <span class='ocrx_word' id='word_1_436' title='bbox 1465 2451 1591 2487; x_wconf 88' lang='lat' dir='ltr'>forme</span> <span class='ocrx_word' id='word_1_437' title='bbox 1626 2452 1799 2487; x_wconf 86' lang='lat' dir='ltr'>elemen-</span> 
     </span>
     <span class='ocr_line' id='line_1_106' title="bbox 488 2509 1798 2561; baseline -0.005 -11"><span class='ocrx_word' id='word_1_438' title='bbox 488 2514 585 2550; x_wconf 82' lang='lat' dir='ltr'>taris</span> <span class='ocrx_word' id='word_1_439' title='bbox 632 2513 743 2550; x_wconf 84' lang='lat' dir='ltr'>cuius</span> <span class='ocrx_word' id='word_1_440' title='bbox 788 2525 879 2561; x_wconf 83' lang='lat' dir='ltr'>pars</span> <span class='ocrx_word' id='word_1_441' title='bbox 918 2511 1171 2548; x_wconf 84' lang='lat' dir='ltr'>indivisibilis</span> <span class='ocrx_word' id='word_1_442' title='bbox 1222 2520 1279 2547; x_wconf 89' lang='lat' dir='ltr'>est</span> <span class='ocrx_word' id='word_1_443' title='bbox 1324 2509 1595 2558; x_wconf 77' lang='lat' dir='ltr'>punctualiter</span> <span class='ocrx_word' id='word_1_444' title='bbox 1639 2509 1798 2545; x_wconf 85' lang='lat' dir='ltr'>situata.</span> 
     </span>
     <span class='ocr_line' id='line_1_107' title="bbox 489 2568 1800 2619; baseline -0.005 -11"><span class='ocrx_word' id='word_1_445' title='bbox 489 2575 535 2608; x_wconf 82' lang='lat' dir='ltr'>Et</span> <span class='ocrx_word' id='word_1_446' title='bbox 581 2572 619 2607; x_wconf 86' lang='lat' dir='ltr'>in</span> <span class='ocrx_word' id='word_1_447' title='bbox 654 2571 784 2619; x_wconf 79' lang='lat' dir='ltr'>prima</span> <span class='ocrx_word' id='word_1_448' title='bbox 830 2570 962 2618; x_wconf 87' lang='lat' dir='ltr'>specie</span> <span class='ocrx_word' id='word_1_449' title='bbox 1007 2578 1097 2605; x_wconf 89' lang='lat' dir='ltr'>sunt</span> <span class='ocrx_word' id='word_1_450' title='bbox 1132 2568 1246 2605; x_wconf 84' lang='lat' dir='ltr'>multi</span> <span class='ocrx_word' id='word_1_451' title='bbox 1292 2570 1460 2615; x_wconf 80' lang='lat' dir='ltr'>gradus3</span> <span class='ocrx_word' id='word_1_452' title='bbox 1514 2577 1554 2603; x_wconf 89' lang='lat' dir='ltr'>ut</span> <span class='ocrx_word' id='word_1_453' title='bbox 1600 2576 1708 2615; x_wconf 80' lang='lat' dir='ltr'>patet</span> <span class='ocrx_word' id='word_1_454' title='bbox 1753 2568 1800 2602; x_wconf 87' lang='lat' dir='ltr'>de</span> 
     </span>
     <span class='ocr_line' id='line_1_108' title="bbox 491 2625 1860 2676; baseline -0.004 -10"><span class='ocrx_word' id='word_1_455' title='bbox 491 2630 623 2666; x_wconf 82' lang='lat' dir='ltr'>mixtis</span> <span class='ocrx_word' id='word_1_456' title='bbox 649 2628 895 2674; x_wconf 78' lang='lat' dir='ltr'>inanimatis,</span> <span class='ocrx_word' id='word_1_457' title='bbox 921 2630 968 2665; x_wconf 89' lang='lat' dir='ltr'>de</span> <span class='ocrx_word' id='word_1_458' title='bbox 998 2627 1157 2676; x_wconf 83' lang='lat' dir='ltr'>plantis,</span> <span class='ocrx_word' id='word_1_459' title='bbox 1183 2636 1219 2663; x_wconf 90' lang='lat' dir='ltr'>et</span> <span class='ocrx_word' id='word_1_460' title='bbox 1253 2625 1442 2669; x_wconf 78' lang='lat' dir='ltr'>anulosis,</span> <span class='ocrx_word' id='word_1_461' title='bbox 1477 2638 1648 2672; x_wconf 87' lang='lat' dir='ltr'>quorum</span> <span class='ocrx_word' id='word_1_462' title='bbox 1675 2626 1801 2661; x_wconf 87' lang='lat' dir='ltr'>forme</span> <span class='ocrx_word' id='word_1_463' title='bbox 1816 2640 1860 2670; x_wconf 71' lang='lat'>40</span> 
     </span>
     <span class='ocr_line' id='line_1_109' title="bbox 490 2683 1799 2725; baseline -0.005 -1"><span class='ocrx_word' id='word_1_464' title='bbox 490 2690 756 2725; x_wconf 82' lang='lat' dir='ltr'>extenduntur</span> <span class='ocrx_word' id='word_1_465' title='bbox 817 2686 945 2722; x_wconf 89' lang='lat' dir='ltr'>modis</span> <span class='ocrx_word' id='word_1_466' title='bbox 998 2685 1093 2722; x_wconf 80' lang='lat' dir='ltr'>suis.</span> <span class='ocrx_word' id='word_1_467' title='bbox 1152 2687 1232 2721; x_wconf 78' lang='lat' dir='ltr'>Nec</span> <span class='ocrx_word' id='word_1_468' title='bbox 1285 2693 1341 2720; x_wconf 81' lang='lat' dir='ltr'>est</span> <span class='ocrx_word' id='word_1_469' title='bbox 1393 2696 1512 2719; x_wconf 86' lang='lat' dir='ltr'>omne</span> <span class='ocrx_word' id='word_1_470' title='bbox 1567 2683 1799 2720; x_wconf 90' lang='lat' dir='ltr'>continuum</span> 
     </span>
    </p>
   </div>
   <div class='ocr_carea' id='block_1_5' title="bbox 502 2852 1803 2918">
    <p class='ocr_par' dir='ltr' id='par_1_11' title="bbox 502 2852 1803 2918">
     <span class='ocr_line' id='line_1_110' title="bbox 563 2852 1803 2888; baseline -0.005 -6"><span class='ocrx_word' id='word_1_471' title='bbox 563 2866 580 2883; x_wconf 83' lang='lat'>1.</span> <span class='ocrx_word' id='word_1_472' title='bbox 604 2858 669 2887; x_wconf 53' lang='lat' dir='ltr'>sula</span> <span class='ocrx_word' id='word_1_473' title='bbox 696 2859 725 2882; x_wconf 68' lang='grc' dir='ltr'>Η.</span> <span class='ocrx_word' id='word_1_474' title='bbox 848 2864 883 2882; x_wconf 67' lang='lat'>13.</span> <span class='ocrx_word' id='word_1_475' title='bbox 908 2856 1033 2882; x_wconf 51' lang='lat' dir='ltr'>inediu-</span> <span class='ocrx_word' id='word_1_476' title='bbox 1057 2855 1076 2880; x_wconf 68' lang='lat' dir='ltr'>l&#39;·</span> <span class='ocrx_word' id='word_1_477' title='bbox 1199 2864 1243 2882; x_wconf 44' lang='grc' dir='ltr'>3η</span> <span class='ocrx_word' id='word_1_478' title='bbox 1268 2858 1350 2880; x_wconf 48' lang='lat' dir='ltr'>cort*</span> <span class='ocrx_word' id='word_1_479' title='bbox 1373 2858 1440 2888; x_wconf 60' lang='lat' dir='ltr'>ow*</span> <span class='ocrx_word' id='word_1_480' title='bbox 1465 2854 1495 2879; x_wconf 73' lang='lat'>12.</span> <span class='ocrx_word' id='word_1_481' title='bbox 1612 2852 1654 2879; x_wconf 67' lang='lat'>32.</span> <span class='ocrx_word' id='word_1_482' title='bbox 1678 2860 1750 2879; x_wconf 61' lang='lat' dir='ltr'>cans</span> <span class='ocrx_word' id='word_1_483' title='bbox 1772 2852 1803 2878; x_wconf 70' lang='grc' dir='ltr'>Β.</span> 
     </span>
     <span class='ocr_line' id='line_1_111' title="bbox 502 2893 731 2918; baseline -0.004 0"><span class='ocrx_word' id='word_1_484' title='bbox 502 2901 540 2918; x_wconf 46' lang='grc' dir='ltr'>Νι.</span> <span class='ocrx_word' id='word_1_485' title='bbox 563 2893 677 2918; x_wconf 69' lang='lat' dir='ltr'>annlrii.</span> <span class='ocrx_word' id='word_1_486' title='bbox 701 2897 731 2917; x_wconf 70' lang='grc' dir='ltr'>ύ.</span> 
     </span>
    </p>
   </div>
  </div>
 </body>
</html>
