2007 3364
216 437 274 465 We
295 441 377 464 must
398 437 488 463 know

216 477 245 498 to
268 472 367 499 which
389 471 423 498 οῖ’
440 472 489 497 the

323 511 384 533 two

249 540 462 576 propositions

245 585 289 603 we
309 576 405 610 ought
425 580 455 601 to

307 611 401 646 reply.

229 646 275 672 “It
295 645 320 672 is
341 649 393 672 not
414 652 446 671 as
466 645 477 671 l

264 680 425 715 primarily

243 715 407 742 conceive*
431 725 459 738 τ

227 750 387 784 “Nothing
407 749 481 776 false

224 786 248 811 is
272 793 321 820 my
343 785 479 819 primary

267 819 414 853 concept''
430 829 437 851 ς

271 854 369 880 which
392 862 436 880 we

297 889 402 915 admit.

268 983 312 1009 Or
333 983 354 1009 it
375 990 445 1017 may

228 1026 334 1044 mean:
356 1017 479 1044 “There

251 1053 276 1078 is
298 1060 337 1079 no
360 1052 450 1086 being

259 1088 322 1114 that
342 1087 367 1114 is
389 1095 440 1122 my

287 1122 423 1157 primary

274 1157 439 1191 concept;'⁷

217 1192 319 1219 which
336 1200 380 1218 we
401 1192 490 1225 deny.

233 1227 269 1253 ‘It
290 1228 315 1253 is
336 1231 389 1253 not
409 1235 442 1253 as
464 1227 473 1253 l

294 1261 415 1288 believe'

269 1296 380 1323 should
404 1296 438 1322 be

269 1331 430 1366 explained

279 1365 431 1399 likexvise3

242 1844 305 1870 also
325 1843 361 1869 all
383 1842 470 1869 other

289 1878 429 1912 negative

259 1912 458 1939 ⁴insolubles’.

233 1948 290 1975 We
311 1953 393 1974 must
414 1952 483 1974 note

267 1983 332 2009 that
353 1990 444 2021 many

253 2022 465 2052 propositions

286 2060 335 2079 are
356 2053 428 2087 only

267 2088 447 2122 apparently

287 2123 423 2157 negative

267 2157 446 2183 insolnbles,

266 2192 440 2226 Examples.

221 2529 247 2553 Α
264 2535 408 2553 common
425 2535 493 2553 case

231 2564 259 2588 in
281 2563 329 2588 the
351 2563 484 2588 exercist·

230 2597 263 2623 of
280 2597 480 2631 obligations:

228 2632 371 2658 Wlmever
390 2632 495 2658 denies

279 2667 341 2692 that
362 2667 399 2692 lle
419 2667 443 2691 is

222 2699 345 2735 refutet!
363 2702 387 2727 is
406 2709 439 2725 xo
461 2701 496 2731 [η’

239 2738 288 2763 tlte
306 2736 472 2770 veryfacl,

266 2771 292 2797 is
314 2776 367 2805 put
388 2771 445 2796 and

285 2805 422 2839 granted

940 277 1164 309 JOHANNIS
1190 277 1375 309 WYCLIF
1627 275 1716 303 CAP.
1737 274 1818 302 VIII.

504 383 808 431 proposiciones
841 396 940 431 quas
969 383 1210 431 proferimus
1244 385 1293 419 ad
1328 395 1468 419 eorum
1503 382 1822 420 similitudinem.

505 444 552 478 Et
585 441 674 478 ideo
700 441 998 478 racionabiliter
1032 441 1163 490 querit
1187 441 1369 490 sophista
1405 441 1741 478 certificacionem
1776 444 1823 478 de

505 499 789 547 proposicione
833 501 882 536 ad
916 512 1036 547 quam
1071 501 1343 548 responderet.
1399 501 1447 534 Et
1494 511 1564 547 per
1609 500 1683 536 hoc
1715 509 1824 547 patet

505 559 711 606 quomodo
753 558 1078 605 respondendum
1114 566 1171 594 est
1204 559 1253 594 ad
1286 557 1402 593 talia:
1452 569 1523 593 non
1557 565 1611 593 est
1643 558 1695 593 ita
1727 558 1824 594 sicut

505 628 577 666 ego
612 616 805 665 primarie
843 615 1026 665 concipio.
1081 617 1182 652 Nam
1229 615 1410 663 negative
1463 615 1562 651 tales
1602 616 1823 663 exemplate

505 682 596 709 sunt
619 675 876 710 concedende
899 682 1064 721 propter
1093 673 1320 709 insolubilia
1345 672 1531 721 negativa
1563 673 1674 710 falsa.
1708 675 1823 710 Unde

506 732 580 767 hoc
604 731 815 767 insolubile
838 731 1066 779 negativum
1090 731 1289 780 significat
1322 731 1513 779 primarie
1536 733 1644 779 quod
1677 732 1822 767 nullum

504 802 568 825 ens
601 797 656 825 est
689 790 885 839 primaria
919 790 1118 839 concepcio
1158 802 1263 825 mea:
1295 790 1396 837 quod
1429 796 1483 825 est
1507 789 1675 837 falsum.
1732 790 1822 825 Ideo

506 849 808 883 concedendurn
856 856 913 884 est
958 849 1065 896 quod
1110 860 1182 884 non
1227 855 1283 883 est
1316 847 1367 883 ita
1399 847 1497 883 sicut
1530 859 1603 897 ego
1630 847 1823 896 primarie

505 906 697 955 concip1‘07·
729 907 796 942 sed
830 905 1099 954 significatum
1125 905 1361 954 primarium
1397 904 1619 942 insolubilis
1648 905 1821 953 negativi

507 972 564 1000 est
603 965 847 1011 negandum,
893 977 983 1000 cum
1018 963 1074 1000 sic
1106 963 1303 1011 significet
1335 976 1407 999 non
1452 970 1506 999 est
1539 975 1603 999 ens
1636 964 1737 1011 quod
1768 971 1823 999 est

502 1022 700 1070 primaria
741 1022 939 1071 concepcio
981 1035 1076 1058 mea.
1123 1024 1171 1057 Et
1216 1021 1271 1057 sic
1316 1022 1395 1057 tale
1427 1020 1694 1069 impossibile:
1748 1033 1821 1072 ego

502 1080 696 1128 primarie
735 1081 851 1115 credo
884 1080 982 1116 sicut
1014 1092 1085 1116 non
1131 1087 1197 1124 est,
1245 1079 1445 1127 significat
1489 1078 1681 1126 primarie
1714 1080 1822 1127 quod

508 1150 580 1187 ego
613 1139 730 1173 credo
775 1138 1006 1174 credulitate
1037 1150 1107 1186 que
1146 1150 1218 1173 non
1252 1145 1319 1175 est.
1373 1139 1421 1173 Et
1453 1136 1508 1172 sic
1542 1136 1741 1185 decipior;
1787 1145 1824 1173 et

509 1208 628 1231 causa
681 1208 804 1243 quare
837 1195 931 1232 talia
975 1195 1030 1232 sic
1063 1195 1292 1243 significant
1325 1203 1381 1231 est
1414 1194 1502 1240 ista,
1546 1194 1641 1242 quia
1673 1194 1823 1242 signifi-

508 1263 640 1289 catum
688 1263 724 1290 et
769 1266 828 1290 res
876 1253 985 1290 verbi
1018 1253 1354 1290 affirmativorum
1391 1261 1447 1289 est
1480 1252 1607 1289 idem:
1640 1261 1682 1288 ut
1716 1252 1821 1289 idern

507 1320 563 1347 θεῖ
598 1313 714 1348 credo
747 1312 800 1348 sic
832 1312 928 1348 sicut
960 1319 1015 1348 est
1060 1321 1096 1348 et
1134 1312 1250 1347 credo
1290 1311 1519 1347 credulitate
1561 1311 1622 1346 vel
1654 1311 1821 1347 creduli-

507 1377 623 1405 tatem
648 1382 718 1418 que
749 1377 815 1408 est.
849 1372 896 1406 Et
929 1383 1046 1405 suurn
1070 1369 1301 1418 oppositum
1336 1377 1533 1417 repugnat
1566 1380 1651 1404 esse
1683 1381 1818 1405 verum

507 1427 562 1464 sic
595 1427 878 1475 significandog
920 1436 1020 1467 tum,
1067 1427 1160 1476 quia
1193 1427 1441 1475 impossibile
1474 1435 1531 1463 est
1566 1439 1627 1463 me
1660 1428 1821 1463 credere

508 1486 783 1522 credulitatem
837 1498 913 1534 que
957 1499 1037 1522 non
1072 1495 1142 1531 est,
1196 1494 1233 1521 et
1279 1497 1348 1532 per
1392 1484 1577 1521 accidens
1621 1494 1679 1521 est
1713 1485 1821 1533 quod

507 1544 596 1580 talis
629 1543 829 1592 significat
874 1556 936 1580 me
990 1545 1151 1580 credere
1197 1543 1473 1580 credulitatem
1514 1555 1589 1591 que
1633 1555 1715 1579 non
1749 1551 1830 1589 est‚'

508 1612 590 1638 tum
635 1602 755 1650 [quia]
803 1601 1036 1650 principalis
1082 1601 1333 1650 significacio
1378 1613 1450 1637 sua
1482 1601 1531 1637 sit
1563 1601 1673 1638 talis:
1727 1602 1820 1637 “me

509 1661 668 1696 credere
702 1673 771 1696 ens
816 1661 924 1708 quod
957 1673 1038 1696 non
1086 1662 1194 1705 θεῖς’>
1240 1661 1308 1696 sed
1354 1672 1442 1695 cum
1490 1668 1599 1695 actus
1633 1657 1820 1695 credendi

508 1731 589 1754 non
622 1718 764 1754 transit
799 1718 838 1754 in
883 1718 1131 1762 distinctum,
1185 1719 1255 1754 sed
1294 1718 1475 1753 absolute
1508 1716 1748 1753 terminatur
1780 1716 1821 1752 in

508 1789 547 1812 se
580 1776 684 1824 ipso⁷
718 1776 808 1812 ideo
852 1776 957 1812 idem
1008 1785 1064 1812 est
1104 1789 1148 1812 ac
1189 1776 1220 1812 si
1252 1784 1471 1824 poneretur
1519 1777 1613 1811 “me
1658 1775 1820 1811 credere

509 1834 745 1871 credulitate
795 1836 898 1870 etc.³³
953 1836 1014 1876 Et,
1060 1843 1102 1870 ut
1134 1843 1245 1882 puto,
1290 1846 1409 1869 omne
1451 1832 1664 1869 insolubile
1702 1845 1820 1880 nega-

510 1893 633 1928 tivum
669 1901 725 1928 est
760 1896 816 1928 2¹1¹
850 1892 967 1928 istam
1000 1891 1104 1928 viam
1139 1892 1233 1928 satis
1266 1890 1445 1928 solubile.

568 1950 743 1987 Ulterius
767 1952 987 1986 notandum
1023 1959 1079 1986 est
1113 1951 1219 1998 quod
1244 1949 1366 1985 multe
1399 1957 1490 1985 sunt
1523 1947 1822 1996 proposiciones

511 2021 587 2057 que
620 2018 816 2057 apparent
862 2007 1092 2045 insolubilia
1132 2007 1238 2044 illius
1271 2006 1457 2053 racionis,
1502 2008 1570 2043 sed
1604 2019 1685 2042 non
1718 2014 1820 2042 sunt.

511 2069 561 2103 Ut
595 2075 704 2114 puta,
750 2068 912 2115 quando
958 2065 1121 2114 ponitur
1164 2065 1348 2102 condicio
1393 2077 1464 2112 per
1509 2064 1692 2101 effectum
1728 2076 1821 2100 con-

509 2126 727 2173 sequendo,
774 2134 810 2161 et
843 2124 1004 2161 additur
1038 2137 1152 2160 casus
1186 2125 1233 2160 de
1266 2123 1415 2171 scripto
1448 2122 1584 2171 aliquo
1617 2123 1667 2159 ad
1702 2124 1822 2158 deno-

511 2183 779 2219 minacionem
834 2183 1127 2231 dependentem
1184 2194 1226 2217 ex
1277 2180 1514 2218 condicione
1566 2181 1626 2217 vel
1679 2179 1821 2216 effectu

510 2242 662 2277 futuro:
708 2250 751 2276 ut
784 2249 894 2288 patet
938 2241 985 2276 de
1018 2240 1261 2276 transicione
1307 2239 1451 2287 pontis,
1498 2237 1821 2275 deliberacione

509 2311 728 2345 servorum,
763 2307 799 2334 et
822 2298 1018 2334 similibus
1054 2302 1108 2334 2¹¹¹
1144 2297 1320 2333 infinitas
1347 2296 1675 2333 circumstancias
1707 2296 1822 2332 valde

509 2358 695 2393 confusas
741 2356 925 2394 variata&
969 2357 1043 2392 Ubi
1090 2368 1198 2391 nunc
1244 2356 1405 2402 prodest
1453 2367 1515 2390 ars
1561 2353 1821 2401 obligacionis

508 2428 580 2462 pro
615 2415 878 2455 evasionibus,
915 2424 949 2450 et
986 2427 1090 2449 nunc
1115 2422 1268 2449 tantum
1305 2422 1519 2461 gravantur
1552 2425 1677 2457 casus,
1713 2413 1820 2459 quod

508 2483 597 2509 sunt
632 2473 910 2520 impossibiles.

567 2533 681 2568 Unde
729 2531 996 2566 communiter
1041 2538 1295 2576 argumentat
1339 2529 1516 2576 sophista
1556 2530 1604 2564 ad
1650 2529 1820 2575 proban-

511 2591 602 2624 dum
639 2590 789 2625 socium
826 2602 907 2625 esse
942 2590 1214 2635 redargutum,
1260 2588 1319 2623 vel
1353 2586 1578 2622 cuiusmodi
1612 2585 1820 2629 voluerint,

1841 617 1856 648 5

1842 920 1881 942 10

1842 1199 1878 1231 15

1837 1500 1879 1521 20

1839 2363 1878 2396 35

511 2649 696 2695 ponendo
730 2649 837 2695 quod
871 2647 1101 2694 quicunque
1134 2645 1337 2692 negaverit
1370 2657 1408 2680 se
1442 2656 1525 2680 esse
1549 2645 1880 2693 redargutum,40

512 2717 546 2741 et
580 2706 707 2741 solum
734 2705 836 2750 talis,
870 2705 918 2739 sit
944 2706 1193 2751 redargutus.
1228 2705 1275 2739 Et
1299 2703 1364 2738 illa
1399 2711 1455 2738 est
1479 2701 1674 2740 condicio.
1708 2702 1820 2737 Tunc

580 2852 607 2878 Γ».
631 2860 670 2886 pp
692 2852 724 2877 H.
818 2858 857 2879 ιο.
879 2856 977 2877 tamen
1000 2851 1032 2877 Β.
1115 2859 1158 2877 22.
1179 2858 1247 2877 cnm
1271 2849 1308 2881 Ρη
1331 2849 1368 2875 ib.
1390 2849 1460 2883 qnia
1483 2848 1577 2875 deest.
1663 2855 1709 2881 29.
1733 2847 1765 2873 i³⁹
1785 2846 1818 2872 B.

510 2909 721 2944 30-31.5.se··›·
750 2910 779 2935 Β.
853 2917 895 2941 4¹-
923 2909 989 2939 (μάν)
1017 2909 1048 2934 13.
