2007 3364
206 237 280 283 176

211 359 279 387 The
299 357 465 385 minimum

216 395 251 421 of
267 392 448 420 intellecturi}

235 428 315 463 sight
336 427 361 454 is
382 427 432 453 the

223 464 319 490 union
340 462 374 488 of
391 466 452 488 two

217 495 445 525 mathematica}

283 532 396 567 points.

201 567 302 595 There
322 567 348 593 is
367 566 432 592 also
454 572 469 591 a

230 602 393 629 minimum
415 602 444 626 ol

213 637 318 672 bodily
337 635 456 666 visiom

235 672 283 699 t'or
306 670 435 703 nothing

237 714 291 733 can
315 706 349 732 bc
371 712 441 731 scen

207 740 387 775 confusedly
408 740 472 766 that

229 775 319 803 could
342 779 392 801 not
414 774 449 800 be

203 819 274 838 seen
297 809 471 844 distinctly:

270 845 342 872 thus
362 845 411 871 the

209 879 419 915 composition
441 878 475 905 ot*

209 915 348 951 quantity
368 918 421 940 out
442 913 476 940 of

239 958 321 977 mere
342 949 444 983 points

231 985 320 1012 could
344 988 396 1010 not
417 983 452 1009 be

224 1028 312 1052 seen:
333 1019 380 1046 for
400 1018 461 1045 this

203 1055 367 1082 minimum
388 1057 470 1080 must

212 1091 247 1117 be
267 1090 316 1117 the
337 1089 420 1115 basis
441 1089 475 1114 os

249 1133 264 1151 a
286 1123 426 1159 pyramid

221 1160 326 1186 whose
347 1166 423 1193 apex
445 1157 469 1184 is

252 1195 282 1221 in
303 1194 352 1221 tlic
373 1201 434 1229 eye.

234 1346 327 1373 Some
348 1343 455 1371 details

219 1382 314 1407 about
336 1380 385 1406 the
407 1387 468 1414 eye.

250 1818 268 1837 1.
289 1808 356 1836 The
377 1808 459 1842 eight

291 1843 416 1879 varying

258 1879 441 1906 inlluenccs:

229 1914 316 1949 light,
339 1913 474 1940 distance

237 1950 271 1976 οῖ’
288 1950 337 1975 the
359 1947 468 1980 object,

214 1985 253 2011 its
274 1983 420 2022 position,
440 1983 480 2009 its

286 2026 358 2049 slze,
381 2022 420 2044 its

257 2053 390 2088 density,
410 2052 450 2079 its

269 2089 374 2123 sliape,
395 2088 444 2114 the

239 2128 462 2157 transparency

225 2158 260 2185 of
275 2158 325 2184 tlte
346 2156 481 2184 medium

286 2192 345 2219 and
366 2192 417 2218 the

235 2228 371 2262 sanitary
391 2230 468 2253 state

263 2262 297 2289 of
314 2262 364 2289 the
384 2269 447 2296 eye,

302 2305 353 2323 are
373 2296 410 2324 all

235 2331 348 2359 sactors
369 2331 399 2357 in
420 2330 470 2357 the

237 2372 283 2394 act
304 2366 338 2393 of
356 2365 466 2393 vision.

917 240 1141 272 JOHANNIS
1167 239 1351 271 WYCLIF
1621 233 1709 261 CAP.
1733 233 1799 260 VH.

548 348 831 397 Compositum
873 360 966 395 ergo
1005 359 1047 383 ex
1087 347 1243 382 duobus
1283 358 1367 382 non
1400 345 1560 393 quantis
1594 353 1651 381 est
1685 343 1800 380 mini-

492 420 601 443 mum
654 407 761 455 quod
810 413 941 454 potest
993 404 1319 441 intellectualiter
1362 402 1501 440 videri.
1553 405 1623 439 Est
1667 411 1800 439 autem

489 465 624 502 videre
677 464 716 500 in
770 462 977 500 communi
1030 463 1332 511 apprehendere
1382 461 1539 498 visibile
1583 460 1802 497 immediate

490 523 635 559 virtute
674 521 816 567 visiva3
863 530 899 557 et
938 521 993 557 sic
1034 530 1091 557 est
1124 522 1218 557 dare
1252 519 1463 556 minimum
1499 517 1654 556 visibile
1687 531 1804 555 sensu

492 580 692 625 exteriori,
726 589 769 616 ut
801 578 1052 627 superficiale
1076 578 1283 616 circulare.
1318 578 1366 614 Et
1389 577 1650 626 probabiliter
1673 584 1804 624 potest

493 639 569 675 dici
621 639 728 687 quod
773 637 896 674 nichil
940 637 1097 673 videtur
1141 637 1275 685 aliqua
1319 636 1464 672 virtute
1505 635 1680 679 confuse,
1729 633 1803 670 nisi

493 697 601 745 quod
634 709 656 732 a
688 695 836 732 virtute
868 695 959 731 talis
993 695 1139 743 speciei
1173 694 1322 731 sufficit
1354 693 1479 730 videri
1514 693 1722 730 distincte:
1769 700 1806 728 ct

493 755 548 791 sic
592 754 698 790 visus
747 753 970 802 corporalis
1017 766 1098 790 non
1137 762 1267 801 potest
1306 752 1441 788 videre
1479 764 1561 788 non
1594 759 1806 799 quantum,

493 825 565 849 nec
599 811 871 860 compositum
905 813 1103 859 adequate
1137 824 1180 847 ex
1213 824 1292 847 non
1325 810 1486 858 quantis
1518 809 1635 846 nobis
1660 807 1806 847 finitis:

494 872 563 907 sed
598 870 810 906 minimum
845 870 900 906 sic
932 869 1088 906 visibile
1120 869 1277 905 videtur
1311 872 1368 904 2¹¹1
1402 867 1651 917 pyramidem
1677 865 1806 903 radia-

493 929 586 974 lem,
633 928 744 965 cuius
784 928 888 965 basis
930 937 987 964 est
1026 928 1065 964 in
1098 927 1181 964 viso
1215 937 1252 963 et
1286 940 1410 963 conus
1443 927 1483 962 in
1517 934 1655 962 centro
1688 923 1807 961 oculi.

494 990 542 1023 Et
581 996 871 1035 consequenter
893 987 1125 1034 ponendum
1146 994 1202 1021 est
1223 987 1330 1033 quod
1365 994 1421 1021 est
1453 986 1548 1021 dare
1581 981 1809 1020 remississi-

496 1058 605 1081 mum
634 1046 801 1092 gradum
837 1044 1109 1092 cuiuscunque
1144 1043 1201 1080 8ῙΟ
1236 1042 1639 1079 circumstanciarum
1674 1042 1723 1077 ad
1756 1039 1809 1076 vi-

496 1103 647 1139 sionem
683 1102 1033 1148 concurrencium,
1067 1111 1103 1138 et
1134 1101 1333 1149 optimum
1368 1102 1536 1149 gradum
1561 1098 1808 1147 possibilem.

498 1171 534 1198 θῖ
578 1173 649 1209 per
697 1173 948 1209 consequens
982 1159 1306 1196 remississimum
1343 1160 1509 1207 gradum
1545 1158 1708 1194 confuse
1751 1157 1811 1192 vel

498 1219 683 1256 distincte
715 1218 892 1265 videndi,
932 1218 999 1267 qui
1033 1219 1180 1266 gradus
1214 1226 1272 1254 θεῖ
1305 1217 1437 1253 subito
1471 1215 1728 1264 generabilis:
1775 1223 1811 1250 et

498 1286 607 1326 patet
639 1277 848 1325 responsio
881 1278 930 1313 ad
964 1277 1060 1314 6³¹⁰.

556 1338 659 1372 Nota
692 1344 828 1371 tamen
861 1336 968 1383 quod
1002 1347 1074 1371 nec
1107 1347 1304 1382 organum
1334 1345 1409 1370 nec
1431 1345 1570 1369 sensus
1592 1331 1711 1376 videt,
1745 1330 1813 1366 sed

499 1393 648 1430 animal
683 1406 836 1441 organo
868 1402 905 1429 et
927 1392 1086 1437 virtute,
1121 1392 1196 1428 nisi
1221 1393 1323 1428 forte
1347 1392 1480 1427 videre
1502 1391 1551 1427 sit
1576 1389 1811 1438 equivocum

499 1453 547 1489 ad
589 1451 763 1500 recipere
799 1451 962 1501 speciem
1004 1451 1163 1487 visibilis
1195 1459 1231 1487 et
1263 1452 1312 1487 ad
1346 1449 1642 1498 apprehendere
1674 1447 1816 1482 virtute

500 1510 619 1546 visiva
666 1510 836 1545 dandum
883 1509 1041 1545 visibile.
1095 1510 1173 1545 Sed
1218 1508 1312 1557 quia
1355 1506 1455 1545 visio
1500 1505 1719 1555 corporalis
1759 1513 1828 1548 cst*

501 1567 677 1604 medium
723 1569 773 1604 ad
819 1567 1013 1603 visionem
1055 1566 1371 1615 ymaginativam
1412 1575 1448 1602 et
1488 1564 1816 1607 intellectualem,

501 1638 657 1663 necnon
696 1634 732 1661 et
764 1626 949 1662 subtilior
988 1625 1092 1662 inter
1135 1625 1234 1662 alias
1279 1624 1530 1661 sensaciones
1575 1636 1621 1660 ac
1654 1621 1815 1670 propin-

501 1685 618 1733 quior
640 1683 874 1729 intellectui,
908 1683 999 1719 ideo
1031 1683 1299 1731 perstringam
1333 1682 1487 1730 aliquas
1520 1694 1670 1729 paucas
1702 1688 1817 1716 notas

503 1743 543 1779 in
577 1742 651 1778 ista
686 1741 868 1778 materia.

564 1800 698 1836 l³rimo
738 1800 827 1836 dico
867 1800 976 1848 quod
1015 1800 1065 1836 ad
1103 1798 1298 1836 visionem
1341 1799 1583 1847 respondent
1616 1805 1709 1833 octo
1744 1794 1817 1831 cir-

506 1857 766 1908 cumstancie‚
815 1861 871 1894 2ηἶ
912 1870 1081 1906 quarum
1122 1856 1393 1894 vai-iacionem
1432 1856 1638 1893 variantur
1670 1855 1818 1902 gradus

505 1916 704 1954 visionum
740 1925 777 1952 et
811 1915 956 1952 erroris
989 1915 1029 1951 in
1062 1915 1214 1952 visione
1247 1914 1590 1963 contingencium.
1638 1913 1818 1949 Circum-

506 1974 659 2011 stancie
690 1986 784 2010 vero
813 1983 904 2010 sunt
928 1973 1018 2010 iste:
1052 1974 1128 2019 lux,
1163 1973 1373 2015 distancia‚
1407 1973 1506 2009 situs
1529 1969 1818 2021 opposicionis,

508 2033 744 2081 magnitudo
787 2032 965 2077 visibilis,
1020 2032 1196 2068 densitas
1240 2031 1417 2078 visibiliS,
1472 2031 1599 2079 figura
1641 2028 1819 2073 visibilis,

507 2090 796 2139 dyaphaneitas
830 2090 964 2135 medii,
999 2099 1158 2138 tempus
1183 2090 1437 2135 conveniens,
1471 2098 1508 2126 et
1531 2088 1679 2126 sanitas
1701 2085 1819 2125 oculi.

508 2149 731 2185 Cuiuslibet
764 2158 895 2185 autem
931 2148 1100 2184 istorum
1135 2157 1193 2184 est
1226 2150 1322 2184 dare
1355 2149 1523 2196 gradum
1548 2158 1706 2183 summe
1729 2157 1821 2181 con—

506 2206 710 2243 veniencie
743 2207 793 2242 ad
826 2206 1031 2252 visionem,
1067 2216 1104 2242 θῖ
1136 2207 1303 2254 gradum
1340 2205 1505 2242 minime
1540 2202 1822 2242 conveniencie

508 2267 558 2302 ad
596 2264 806 2309 visionem,
854 2273 891 2301 et
931 2268 988 2300 2¹n
1021 2264 1292 2301 variacionem
1335 2266 1532 2312 graduum
1567 2263 1607 2299 in
1639 2262 1723 2299 istis
1757 2273 1822 2297 va-

508 2323 663 2360 riantur
696 2323 843 2371 gradus
876 2322 1212 2371 apparenciarum
1245 2322 1475 2359 visibilium.

568 2385 613 2419 20
659 2390 754 2417 nota
806 2382 914 2429 quod
960 2391 1010 2417 20
1063 2390 1154 2417 sunt
1210 2379 1412 2417 sensibilia
1464 2378 1714 2426 communia3
1766 2386 1822 2422 ut,

510 2439 702 2485 remocio,
752 2438 1001 2489 magnitudo,
1046 2439 1158 2484 situs,
1205 2438 1466 2487 corporeitas,
1512 2438 1655 2486 figura,
1702 2435 1825 2472 conti-

511 2497 653 2545 gustas,
707 2496 929 2545 separacio,
982 2510 1185 2543 numerus,
1241 2506 1386 2544 motus,
1440 2495 1564 2545 quies,
1618 2495 1826 2543 asperitas,

511 2555 663 2601 levitas,
710 2554 1014 2603 dyaphaneitas‚
1060 2554 1246 2599 densitas,
1281 2556 1437 2600 umbra,
1471 2553 1707 2599 obscuritas,
1741 2552 1826 2600 pul-

513 2613 683 2658 critudo,
708 2612 954 2663 deformitas,
977 2612 1291 2659 consimilitudo,
1319 2622 1355 2649 et
1378 2611 1597 2649 diversitas.
1632 2610 1823 2647 Omnium

1617 2790 1676 2803 ,Α,

584 2814 609 2833 2.
630 2806 725 2833 indm
741 2808 775 2837 (:1›
799 2806 831 2832 Β.
961 2813 988 2840 o.
1009 2806 1056 2832 iit?
1079 2806 1110 2831 1³.
1229 2813 1261 2831 ιι,
1283 2812 1361 2839 cono
1385 2804 1416 2830 13.
1538 2802 1575 2830 13.
1597 2803 1769 2834 centurias?
1796 2803 1827 2830 Β.

517 2874 559 2901 2³.
583 2875 733 2901 subtilior*
755 2875 787 2901 B.
881 2875 926 2907 21),
947 2882 991 2909 27.
1013 2862 1155 2901 ccfil'ffitic
1177 2874 1209 2900 Β.
1308 2872 1354 2908 37,
1376 2872 1420 2900 3:3¹.
1442 2859 1533 2907 gainas
1549 2874 1578 2899 Β.

1828 878 1866 898 lo

1832 1158 1867 1189 15

1840 2622 1884 2652 40
