2007 3364
860 273 1084 304 JOHANNIS
1112 272 1296 303 WYCLIF
1577 269 1666 296 CAP.
1688 268 1739 295 VI.

426 382 537 426 hora,
571 389 665 416 tunc
689 378 727 415 in
750 379 881 427 prima
916 379 1086 415 mediate
1121 377 1397 423 maim-abitur,
1432 379 1482 413 ad
1505 377 1565 413 sui
1588 376 1741 425 sexqui-

383 454 388 461 ’
425 439 595 474 alterum
641 446 678 473 et
722 437 762 473 in
808 441 852 472 2ξι
888 437 1061 474 mediate
1105 437 1153 473 ad
1199 449 1314 472 suurn
1361 434 1663 484 sesquitercium
1706 443 1742 470 et

170 1139 218 1166 To
238 1138 289 1166 the
310 1139 376 1166 first

167 1174 315 1209 difficulty
336 1182 382 1200 we

191 1208 275 1244 reply
295 1208 359 1236 that

155 1244 309 1279 privation
331 1244 385 1270 has

251 1286 290 1305 no

140 1312 329 1348 magnitude.
351 1321 407 1340 nor

226 1352 320 1382 parts.

152 1533 231 1562 Two
252 1534 398 1561 shadows

152 1577 223 1604 may
243 1569 332 1596 make
351 1577 410 1595 one

142 1604 259 1640 doubly
279 1603 415 1633 intense:

176 1639 230 1667 but
249 1639 319 1674 they
338 1646 388 1666 are

159 1679 213 1701 not
231 1673 282 1700 the
302 1678 399 1708 parts,

165 1710 218 1736 but
237 1709 288 1735 the
309 1716 400 1735 cause

177 1743 212 1771 of
227 1743 293 1770 that
314 1751 382 1770 new

207 1777 346 1805 shadow.

170 2254 197 2282 {f
216 2254 387 2290 privations

146 2289 206 2316 had
251 2293 325 2321 asts,
347 2289 417 2324 why

146 2324 224 2351 shou
240 2324 258 2351 d
278 2324 349 2358 they
365 2328 417 2350 not

176 2359 212 2385 be
232 2358 382 2386 extended

177 2394 234 2420 like
256 2393 385 2427 positive

205 2428 364 2461 qualities?

426 495 601 544 parvitas
634 504 798 532 econtra
830 495 868 531 in
888 495 1018 543 prima
1043 494 1258 531 medietate
1283 493 1530 529 diminuetur
1552 494 1602 529 ad
1625 505 1741 529 suum

425 553 824 602 subsesquitercium,
874 562 911 589 et
955 553 995 589 in
1031 557 1074 588 22¹
1110 553 1160 589 ad
1193 565 1309 588 suum
1343 550 1742 599 subsesquialterum.

425 614 473 648 Et
505 611 561 648 sic
594 611 768 648 invenies
801 611 938 648 omnia
971 611 1064 648 talia
1098 610 1284 658 opposita
1323 609 1362 646 in
1396 608 1477 645 suis
1511 608 1743 645 denomina-

426 669 608 707 cionibus
653 678 690 705 et
735 669 1040 706 condicionibus
1084 669 1198 705 valde
1243 667 1457 716 dispariter
1496 679 1536 703 se
1577 668 1742 710 habere3

427 737 481 774 ut,
515 727 546 764 si
580 741 660 764 una
692 727 852 764 illarum
887 736 1246 776 quantumcunque
1284 726 1398 762 tarde
1432 724 1661 761 remittatur
1693 725 1743 760 ad

426 799 505 822 non
548 787 717 834 gradum
765 785 803 821 in
848 785 983 831 situm,
1030 784 1211 821 celeriter
1255 783 1531 820 intenderetur
1574 782 1742 830 reliqua,

427 844 520 892 quia
553 856 712 892 semper
744 843 947 880 infinitum
1000 855 1147 890 magno
1192 843 1239 878 de
1273 855 1352 878 uno
1386 841 1544 877 infinito
1578 853 1743 889 parvum

427 904 713 950 correspondet
745 902 792 938 de
828 901 1002 949 reliquo3
1048 910 1085 937 et
1130 900 1185 936 sic
1219 908 1276 936 est
1310 901 1358 936 de
1392 899 1526 935 multis
1565 898 1744 947 proprie-

427 960 588 1005 tatibus,
635 960 741 996 iuxta
785 973 884 1008 quas
917 968 1080 1007 possent
1128 957 1387 1006 multiplicari
1422 957 1619 1005 quotlibet
1652 969 1745 993 con-

428 1018 625 1055 clusiones
693 1020 740 1053 Et
794 1026 904 1066 patet
956 1016 1162 1065 responsio
1215 1017 1263 1052 ad
1311 1016 1447 1052 omnia
1493 1023 1743 1063 argumenta,

427 1086 682 1125 preterquam
718 1077 768 1112 ad
801 1075 986 1112 ultimum
1023 1088 1113 1111 cum
1148 1074 1228 1111 suis
1262 1073 1656 1110 confirmacionibus.

485 1136 544 1170 Ad
592 1134 765 1182 primum
813 1133 960 1170 dicitur
1005 1135 1113 1181 quod
1166 1132 1345 1180 privacio
1399 1145 1479 1168 non
1532 1140 1588 1168 est
1642 1131 1746 1166 mole

429 1205 593 1241 magna3
640 1191 734 1240 quia
778 1192 808 1228 si
853 1192 922 1237 sic,
967 1200 1063 1228 tunc
1107 1190 1309 1227 infinitum
1345 1190 1506 1226 modica
1539 1189 1621 1225 eius
1655 1201 1746 1236 pars

428 1250 695 1300 quantitativa
739 1250 840 1286 foret
893 1249 1189 1298 quantumlibet
1242 1247 1440 1284 infinitum
1495 1247 1624 1284 maior
1675 1259 1747 1282 suo

429 1318 527 1346 toto.
564 1308 742 1345 Infinitas
775 1317 911 1344 tamen
944 1307 1162 1356 parvitates
1208 1306 1247 1342 in
1280 1318 1523 1354 quocunque
1557 1304 1747 1342 continuo

430 1376 487 1404 est
521 1366 679 1415 signare
712 1366 1008 1415 quantumlibet
1042 1365 1213 1402 maiores
1246 1364 1441 1412 parvitate
1475 1363 1616 1408 tocius,
1650 1375 1747 1411 qua-

431 1438 518 1461 rum
553 1424 729 1474 quelibet
762 1424 1077 1473 presupponitur
1110 1425 1249 1460 adesse
1282 1421 1490 1471 parvitatis
1523 1421 1671 1466 tocius;
1712 1429 1748 1456 et

431 1493 565 1520 tamen
609 1496 690 1519 non
734 1492 825 1519 sunt
870 1482 952 1518 eius
986 1491 1132 1530 partes,
1180 1494 1270 1518 cum
1306 1481 1416 1518 nulla
1447 1479 1537 1516 talis
1569 1478 1747 1528 privacio

431 1543 549 1578 habet
594 1550 739 1589 partes.
785 1542 911 1587 Unde,
958 1539 1141 1590 quamvis
1186 1541 1262 1575 due
1306 1540 1447 1575 umbre
1481 1546 1646 1575 causant
1679 1549 1749 1585 per

431 1599 535 1636 idern
582 1599 758 1635 medium
793 1601 979 1635 umbram
1015 1598 1139 1646 magis
1172 1597 1382 1643 intensam⁷
1427 1605 1569 1633 neutra
1614 1604 1749 1632 tamen

433 1667 489 1694 est
514 1658 596 1694 eius
626 1670 717 1706 pars
750 1657 960 1703 intensiva,
985 1659 1054 1693 sed
1079 1669 1198 1693 causa
1221 1654 1483 1704 suppositiva.
1517 1653 1748 1702 Aliquando

432 1729 513 1752 non
546 1715 660 1764 posui
695 1715 931 1764 parvitatem
966 1716 1112 1752 habere
1147 1714 1325 1762 duplices
1360 1721 1504 1761 partes,
1539 1711 1640 1748 sicut
1665 1724 1747 1747 mo-

1766 913 1803 933 10

1769 1194 1803 1224 [5

1766 1492 1806 1512 20

432 1784 536 1813 turn:
571 1782 713 1822 utputa
745 1783 878 1822 partes
926 1786 1093 1821 magnas
1140 1773 1243 1809 mole
1277 1781 1313 1808 et
1346 1780 1478 1819 partes
1512 1769 1804 1811 intensiva3325

433 1841 470 1869 et
503 1832 557 1869 sic
590 1832 784 1880 proposui
817 1833 914 1868 tales
948 1831 1198 1880 privaciones
1232 1843 1315 1867 esse
1339 1828 1552 1877 dupliciter
1582 1840 1748 1875 magnas

432 1890 797 1939 proporcionaliter
830 1891 881 1926 ad
913 1889 1000 1926 illas
1034 1898 1180 1938 partes,
1215 1889 1269 1924 ita
1292 1889 1401 1936 quod
1424 1900 1514 1935 pars
1547 1885 1745 1922 infinitum

433 1962 554 1997 parva
588 1962 668 1997 quo
703 1950 751 1985 ad
787 1949 934 1984 molem
969 1957 1070 1984 esset
1099 1946 1395 1996 quantumlibet
1419 1945 1548 1981 maior
1570 1957 1642 1980 suo
1663 1952 1749 1980 toto

432 2020 511 2055 quo
545 2008 595 2043 ad
628 2006 917 2053 intensionem3
952 2006 1046 2054 quia
1079 2017 1197 2054 grave
1228 2004 1386 2041 videtur
1418 2004 1526 2052 quod
1558 2001 1648 2038 talis
1671 2001 1749 2050 pri-

431 2065 544 2102 vacio
578 2064 627 2101 sit
660 2064 848 2101 continue
883 2077 1027 2112 magna
1060 2065 1144 2100 sine
1176 2064 1252 2100 hoc
1285 2064 1393 2111 quod
1426 2062 1571 2098 habeat
1603 2069 1749 2108 partes.

433 2125 514 2160 Nec
548 2132 605 2160 est
639 2122 871 2171 explicabile
906 2122 1078 2171 qualiter
1110 2121 1284 2170 parvitas
1332 2120 1456 2169 partis
1490 2118 1751 2167 principiaret

435 2181 671 2228 parvitatem
708 2181 848 2221 tocius,
896 2180 969 2216 nisi
1004 2180 1241 2217 causacione
1284 2179 1511 2215 intrinseca.
1557 2186 1747 2224 tanquam

433 2252 525 2287 pars
560 2252 818 2288 componens.
866 2238 906 2274 Si
953 2238 1057 2275 enim
1099 2237 1244 2274 cecitas
1279 2238 1396 2273 habet
1436 2244 1568 2284 partes
1609 2247 1749 2270 secun-

435 2299 528 2334 dum
566 2297 834 2334 extensionem
871 2296 1052 2341 subiecti,
1086 2296 1188 2332 sicut
1223 2305 1257 2331 et
1292 2295 1416 2343 quies.
1452 2303 1488 2330 et
1522 2292 1597 2329 alie
1622 2292 1749 2340 priva-

435 2355 582 2400 omnes,
629 2368 751 2404 quare
798 2368 891 2403 ergo
937 2368 1016 2392 non
1050 2355 1349 2390 extenderenter
1394 2352 1469 2389 alie
1502 2349 1752 2399 privaciones

436 2426 512 2461 q-ue
546 2415 634 2462 plus
668 2422 846 2461 ponunt(
880 2414 954 2450 Sed
991 2425 1107 2461 grave
1141 2412 1297 2448 videtur
1330 2411 1497 2447 fundare
1532 2417 1663 2456 partes
1695 2408 1751 2443 in-

436 2472 608 2508 tensivas
653 2471 861 2519 parvitatis
907 2472 966 2507 vel
1012 2470 1256 2518 principiare
1301 2469 1387 2505 illas
1420 2468 1638 2504 secundum
1676 2465 1752 2501 dis-

438 2542 572 2578 parem
609 2530 998 2566 individuacionem„
1013 2531 1061 2565 ab
1095 2527 1420 2564 individuacione
1461 2525 1629 2562 aliarum
1664 2536 1750 2571 par-

437 2601 554 2625 cmm.

510 2806 529 2825 ι.
562 2806 611 2824 sex
644 2798 673 2823 Η.
788 2806 809 2829 2.
833 2805 879 2823 ses
902 2797 933 2823 Β.
1019 2804 1052 2828 ιι,
1076 2803 1113 2822 12.
1137 2803 1231 2829 nones
1252 2794 1282 2821 F..
1372 2793 1411 2820 23.
1435 2793 1535 2821 Above
1555 2801 1645 2828 supp.
1661 2790 1686 2827 wp
1716 2792 1751 2825 ὃς

438 2857 475 2882 ab.
498 2856 562 2882 alii:
591 2845 657 2882 ahi?
677 2855 771 2882 abore
800 2855 830 2881 Η.
940 2862 983 2887 ²1-
1008 2858 1153 2888 possunt:
1184 2853 1271 2887 posui
1293 2853 1388 2879 abore
1409 2851 1439 2877 P..
1534 2849 1574 2878 33.
1598 2851 1639 2881 sis:
1660 2853 1695 2885 (gn
1720 2851 1752 2876 13.

441 2902 479 2930 35.
502 2894 536 2937 {r
561 2909 620 2936 pro
642 2908 734 2935 quare
757 2901 788 2927 Η,

1768 2058 1807 2090 31)

1771 2348 1807 2380 35
