2007 3364
143 274 194 309 24

184 385 376 424 copulative,-

157 430 190 448 as
212 423 350 456 happens
370 428 399 446 in

176 465 267 492 many
287 463 384 483 caseS.

169 677 235 704 The
258 675 395 710 negative

195 711 291 745 might
312 718 385 745 very

168 746 233 772 well
256 746 348 780 apply
371 750 401 771 to

168 782 240 807 both
262 781 351 807 verbs
372 780 406 806 ot*

157 818 206 842 the
227 814 395 842 connected

156 851 328 881 members:
352 850 402 876 but

165 885 185 912 it
206 885 232 911 is
255 886 348 911 better
367 889 396 910 to

176 919 234 947 add
255 921 331 948 that,
353 928 385 946 as

230 955 336 981 abore.

158 1257 203 1282 As
224 1263 239 1281 a
261 1256 334 1288 ride,
353 1255 402 1282 the

145 1291 266 1317 relative
290 1291 318 1316 in
345 1291 417 1317 such

165 1333 180 1351 a
203 1325 396 1359 proposition

173 1360 266 1386 refers
287 1364 316 1386 to
336 1360 385 1386 the

142 1395 239 1421 whole
256 1394 420 1429 preceding

178 1429 384 1464 proposition.

190 1777 387 1811 Sometimes,

146 1813 233 1838 when
255 1812 304 1838 the
326 1820 414 1839 sense

170 1847 205 1873 of
220 1846 269 1873 the
291 1847 404 1874 second

191 1882 329 1908 member
349 1881 374 1908 is

185 1916 328 1943 included
351 1916 379 1943 in

146 1952 209 1977 that
229 1951 263 1977 ot¹
280 1951 329 1978 the
350 1952 423 1984 first,

150 1987 199 2012 the
221 1986 416 2020 proposition

172 2021 198 2047 is
219 2021 392 2059 copulative

162 2056 234 2088 only
257 2064 286 2082 in
309 2057 406 2082 form·

222 2125 246 2152 sl
268 2126 292 2151 is
312 2126 346 2152 B.

147 2160 212 2187 The
232 2165 309 2187 term
335 2161 378 2187 ita
400 2160 425 2187 is

209 2195 361 2227 aenei-any

166 2224 352 2257 understood
376 2238 408 2256 as

157 2265 412 2298 demonstrative3

212 2300 264 2326 but
285 2301 361 2327 such

154 2334 366 2368 propositions
386 2343 419 2360 as

158 2370 282 2405 employ
303 2370 324 2396 it
343 2369 414 2396 thus

165 2412 214 2430 are
235 2404 405 2439 equivocal.

190 2468 212 2494 lt
234 2467 307 2494 does
329 2473 379 2494 not

209 2507 316 2529 matter
337 2503 366 2529 in

199 2537 377 2571 compound

175 2571 398 2606 hypotheticals

176 2606 276 2633 which
298 2608 332 2633 of
348 2608 396 2633 the

183 2641 388 2676 hypothetiCal

182 2676 266 2710 signs
287 2684 390 2703 comes

246 2711 326 2738 first:

867 268 1091 299 ,IOHANNIS
1118 267 1302 297 WYCLIF
1594 263 1682 290 CAP.
1704 263 1740 290 H.

434 375 664 423 copulativa
710 383 746 410 et
791 374 869 410 alia
908 373 1153 422 ypothetica,
1203 371 1315 408 euius
1355 382 1467 408 actus
1506 371 1741 419 principalis

434 447 513 470 non
546 442 603 469 est
636 441 747 469 actus
781 430 1010 479 copulandi,
1057 442 1128 466 nec
1162 428 1392 477 proposicio
1424 429 1591 477 simplex
1622 428 1742 477 signi-

436 492 558 528 ficans
611 489 801 538 primarie
854 490 1022 525 eandem
1075 487 1285 524 veritatem
1338 500 1458 535 quam
1514 487 1743 535 copulativa

434 549 650 597 significan
686 547 779 596 quia
813 549 862 583 ad
896 559 977 583 θεεθ
1010 545 1238 594 copulative
1270 544 1486 593 requiritur
1510 557 1744 593 correspon-

435 606 576 643 dencia
608 605 814 653 signorum
850 614 887 641 et
919 617 1122 641 sensuum.
1761 604 1777 635 5

494 666 655 701 Certum
697 672 833 700 tamen
875 672 932 699 est
971 663 1080 710 quod
1119 660 1214 697 satis
1248 660 1380 697 debite
1413 669 1544 708 potest
1576 661 1743 708 negaeio

434 734 581 770 negare
622 731 840 769 utrumque
878 722 1044 757 verbum
1088 719 1126 755 in
1160 719 1318 765 talibus,
1364 717 1547 767 quamvis
1580 727 1746 766 propter

436 780 677 817 evitaciones
700 778 940 827 sophisticas
965 779 1246 823 excludendas,
1281 776 1503 824 expressius
1527 776 1575 812 sit
1598 789 1746 824 ponere

435 839 546 874 illum
571 838 802 883 terminum,
827 838 940 886 quod,
977 844 1161 884 respectu
1184 837 1392 871 ambarum
1419 834 1622 882 parcium3
1652 843 1746 870 tunc

434 910 515 933 non
550 905 608 933 est
641 896 881 944 copulativa,
927 896 995 931 sed
1029 890 1288 941 kathe'gorica
1321 893 1508 940 negativa
1541 894 1588 929 de
1622 905 1743 941 copu-
1766 902 1804 922 10

435 956 516 991 lato
557 954 775 1002 predicato.
822 955 904 990 Nec
942 954 1055 989 obest
1096 951 1422 1000 proposicionem
1465 963 1548 987 esse
1581 952 1747 999 ypothe-

435 1013 570 1057 ticam,
618 1025 710 1048 cum
756 1013 831 1048 hoc
877 1012 986 1059 quod
1027 1014 1069 1046 2³
1107 1022 1200 1058 pars
1241 1010 1514 1057 dependenter
1546 1008 1747 1056 significat

436 1073 485 1107 ad
522 1070 656 1115 aliam,
699 1069 792 1118 quia
825 1069 880 1105 sic
915 1078 972 1105 est
1006 1070 1054 1105 de
1088 1067 1328 1116 copulativis
1362 1080 1531 1115 quarum
1566 1066 1747 1114 parcium

437 1128 705 1176 posteriorum
761 1137 936 1164 extrema
988 1127 1214 1163 referuntur
1266 1127 1316 1162 ad
1362 1134 1537 1161 extrema
1565 1122 1571 1176 l
1599 1137 1748 1173 propo·
1788 1125 1888 1164 1341”

436 1186 632 1223 sicionum
668 1185 869 1233 priorumg
914 1194 956 1221 ut
996 1185 1071 1231 hic,
1118 1186 1194 1220 Sor
1231 1183 1355 1220 currit
1392 1191 1427 1219 et
1459 1183 1525 1219 ille
1556 1190 1746 1222 movetur,
1770 1182 1804 1213 15

493 1245 607 1281 Unde
639 1243 876 1291 regulariter
908 1243 947 1279 in
963 1243 1109 1279 talibus
1128 1243 1246 1279 refert
1269 1241 1479 1278 relativum
1503 1254 1617 1276 suum
1642 1250 1750 1277 ante-

437 1304 580 1339 cedens
613 1304 685 1337 sub
720 1301 954 1338 habitudine
987 1302 1035 1338 ad
1070 1310 1194 1337 totam
1229 1299 1568 1348 significacionem
1604 1298 1750 1346 prioris

436 1359 749 1408 proposicionis:
784 1369 826 1395 ut
860 1359 964 1395 idem
1000 1368 1057 1395 est
1090 1359 1239 1395 dicere:
1275 1358 1396 1394 omnis
1429 1358 1541 1393 homo
1574 1364 1628 1392 θεῖ
1662 1358 1749 1401 Sor,

435 1426 469 1454 et
508 1419 607 1454 idem
648 1426 702 1454 θεῖ
741 1418 947 1461 masculus,
993 1430 1038 1453 ac
1077 1417 1106 1453 si
1148 1416 1347 1452 diceretur
1385 1416 1450 1451 ille
1483 1416 1559 1451 Sor
1594 1415 1660 1464 qui
1696 1422 1751 1450 θεῖ

435 1477 560 1512 omnis
600 1477 714 1511 homo
754 1484 810 1512 θεῖ
851 1476 1068 1520 masculzts,·
1112 1484 1149 1510 et
1187 1474 1243 1510 sic
1276 1475 1323 1510 de
1356 1472 1556 1509 similibus
1590 1472 1751 1521 quibus—
1768 1492 1809 1512 20

439 1547 609 1582 cunque.
655 1536 736 1570 Nec
775 1533 943 1570 dubium
984 1532 1208 1569 attendenti
1242 1533 1292 1568 ad
1325 1530 1617 1579 experienciam
1654 1531 1750 1578 quin

439 1592 507 1628 tali
550 1591 825 1640 proposicioni
867 1592 1161 1639 correspondat
1199 1599 1312 1626 actus
1344 1589 1596 1637 ypotheticus
1629 1602 1751 1636 copu-

439 1650 568 1696 landi3
609 1652 677 1686 sed
711 1649 774 1685 isti
808 1650 1002 1695 oracioni,
1037 1650 1087 1684 ita
1121 1656 1175 1684 est
1208 1649 1309 1696 quod
1343 1649 1419 1683 Sor·
1451 1648 1574 1683 currit
1607 1655 1641 1683 et
1674 1659 1752 1682 mo-

441 1716 564 1753 νθῖιιν,
599 1710 889 1755 correspondet
922 1717 1033 1744 actus
1067 1706 1328 1754 categoricus,
1365 1719 1454 1742 cum
1489 1714 1573 1741 tota
1607 1704 1752 1741 veritas

442 1765 671 1814 copulative
705 1765 952 1813 intelligitur,
989 1774 1030 1801 ut
1062 1777 1141 1801 una
1165 1766 1212 1800 de
1236 1777 1314 1811 qua
1339 1763 1608 1811 componitur,
1645 1764 1750 1811 quod
1768 1761 1807 1793 25

440 1825 507 1860 illa
542 1833 610 1860 est.
647 1826 694 1860 Et
727 1823 758 1859 si
782 1833 975 1871 queratur
999 1823 1110 1859 cuius
1134 1821 1370 1870 quantitatis
1401 1830 1492 1857 sunt
1522 1820 1751 1856 huiusmodi

441 1881 684 1930 categorice,
719 1881 866 1917 dicitur
899 1883 1007 1930 quod
1041 1889 1132 1917 sunt
1166 1881 1302 1925 multe,
1338 1892 1428 1916 cum
1454 1879 1517 1915 ille
1541 1878 1750 1924 terminus,

441 1941 506 1985 itu,
566 1941 816 1976 demonstrat
867 1940 1074 1976 veritatem
1128 1951 1386 1975 communem
1440 1936 1753 1974 convertibiliter

441 2011 531 2034 cum
567 2006 668 2035 ente.
704 1999 811 2034 idem
846 1997 949 2033 enim
986 2006 1042 2033 est
1076 1996 1228 2033 dicere:
1264 1997 1320 2031 Ita
1354 2003 1409 2032 est
1441 1996 1542 2044 quod
1573 2008 1645 2046 ego
1679 2007 1751 2031 non

149 2099 179 2104 Η
214 2086 252 2117 4,
401 2077 406 2089 ν
440 2069 539 2101 sum,
573 2065 609 2092 et
643 2056 792 2092 dicere:
827 2068 893 2091 θιιε
925 2063 980 2092 θεῖ
1013 2068 1073 2091 me
1105 2067 1176 2090 non
1210 2067 1301 2090 θεεθ.
1769 2052 1810 2084 '30

148 2100 180 2117 ,ιε
201 2105 212 2117 ,Δ
241 2099 266 2117 ιε
283 2090 341 2119 BC,
364 2091 427 2117 and

504 2115 580 2150 Sed
615 2113 680 2150 ille
714 2114 924 2158 terminus,
959 2114 1024 2159 ita,
1059 2113 1097 2148 in
1131 2111 1481 2160 proposicionibus
1515 2110 1752 2158 copulativis

444 2171 642 2219 accipitur
683 2171 952 2207 communiter
993 2170 1322 2212 demonstrative,
1368 2179 1429 2206 ut:
1476 2171 1525 2205 ita
1565 2177 1620 2205 θεῖ
1657 2169 1753 2204 sicut

441 2243 514 2280 ego
548 2230 644 2275 dico,
680 2229 791 2265 cuius
824 2242 926 2265 unus
958 2229 1181 2265 intellectus
1218 2237 1275 2264 est
1309 2227 1415 2264 talis:
1459 2228 1556 2263 illud
1589 2239 1653 2263 ens
1685 2235 1750 2272 est,

442 2289 543 2336 qnod
576 2300 648 2338 ego
683 2288 778 2325 dico.
824 2288 939 2323 Tales
973 2287 1078 2322 enim
1113 2285 1322 2323 oraciones
1355 2295 1445 2321 sunt
1478 2284 1680 2333 equivoce,
1715 2293 1751 2320 et

443 2345 532 2381 ideo
566 2347 848 2393 respondendo
882 2347 930 2381 ad
964 2344 1052 2381 illas
1085 2344 1232 2380 sufficit
1265 2356 1402 2380 sensus
1437 2342 1618 2391 primarii
1642 2355 1749 2378 com-
1769 2346 1807 2379 ’55

444 2403 668 2451 prehensio.
713 2405 760 2439 Et
800 2403 853 2439 ita
887 2403 954 2439 illa
988 2412 1044 2438 est
1079 2403 1347 2446 concedenda,
1395 2409 1433 2437 tlt
1473 2414 1523 2447 θε,
1570 2401 1629 2436 vel
1660 2402 1752 2436 deus

443 2469 508 2504 est,
543 2469 577 2496 θῖ
609 2469 646 2496 tu
680 2474 752 2497 11on
788 2474 838 2511 es,
871 2474 962 2497 cum
997 2473 1133 2496 sensus
1167 2459 1388 2495 disiunctus
1423 2468 1480 2495 est
1512 2471 1638 2496 verUS.
1672 2461 1751 2494 Nec

443 2518 633 2566 prioritas
666 2531 804 2555 vocem
840 2518 1022 2567 impedit,
1057 2518 1153 2566 quin
1178 2517 1372 2565 contingit
1397 2517 1506 2553 illam
1530 2516 1750 2564 intelligere

443 2576 688 2624 copulative,
734 2576 841 2624 quia,
888 2586 930 2612 ut
970 2577 1079 2624 prius
1120 2576 1269 2612 dictum
1305 2585 1375 2622 est,
1420 2575 1460 2611 in
1494 2574 1750 2610 mixtionibus

442 2634 720 2682 intelliguntur
759 2634 991 2671 huiusmodi
1025 2633 1310 2671 antecedencia
1344 2632 1583 2681 copulative.
1632 2634 1679 2667 Et
1711 2631 1750 2667 in
1765 2647 1809 2676 ,ιο

441 2692 585 2729 talibus
627 2692 884 2728 mixtionibus
918 2705 960 2728 ex
995 2692 1223 2740 copulativa
1257 2701 1292 2728 et
1327 2690 1610 2736 condicionali,
1656 2698 1751 2726 nota

507 2884 546 2911 25.
570 2884 623 2910 im.-
640 2884 670 2910 Η.
745 2883 787 2911 55.
810 2884 881 2910 intbs
903 2884 934 2910 Β.
