<?xml version="1.0" encoding="UTF-8"?>
<!DOCTYPE html PUBLIC "-//W3C//DTD XHTML 1.0 Transitional//EN"
    "http://www.w3.org/TR/xhtml1/DTD/xhtml1-transitional.dtd">
<html xmlns="http://www.w3.org/1999/xhtml" xml:lang="en" lang="en">
 <head>
  <title>
</title>
<meta http-equiv="Content-Type" content="text/html;charset=utf-8" />
  <meta name='ocr-system' content='tesseract 3.04.00' />
  <meta name='ocr-capabilities' content='ocr_page ocr_carea ocr_par ocr_line ocrx_word'/>
</head>
<body>
  <div class='ocr_page' id='page_1' title='image "./johanniswycliftr1402wycl/johanniswycliftr1402wycl_0220.png"; bbox 0 0 2007 3364; ppageno 0'>
   <div class='ocr_carea' id='block_1_1' title="bbox 170 258 243 293">
    <p class='ocr_par' dir='ltr' id='par_1_1' title="bbox 170 258 243 293">
     <span class='ocr_line' id='line_1_1' title="bbox 170 258 243 293; baseline 0.014 -1"><span class='ocrx_word' id='word_1_1' title='bbox 170 258 243 293; x_wconf 67' lang='lat'>&#39;168</span> 
     </span>
    </p>
   </div>
   <div class='ocr_carea' id='block_1_2' title="bbox 162 368 436 749">
    <p class='ocr_par' dir='ltr' id='par_1_2' title="bbox 162 368 431 464">
     <span class='ocr_line' id='line_1_2' title="bbox 162 368 431 395; baseline -0.011 0"><span class='ocrx_word' id='word_1_2' title='bbox 162 368 262 395; x_wconf 78' lang='lat' dir='ltr'>There</span> <span class='ocrx_word' id='word_1_3' title='bbox 282 368 308 394; x_wconf 83' lang='lat' dir='ltr'>is</span> <span class='ocrx_word' id='word_1_4' title='bbox 329 376 344 393; x_wconf 78' lang='lat' dir='ltr'>a</span> <span class='ocrx_word' id='word_1_5' title='bbox 368 368 431 393; x_wconf 75' lang='lat' dir='ltr'>tirsi</span> 
     </span>
     <span class='ocr_line' id='line_1_3' title="bbox 210 402 384 429; baseline -0.006 0"><span class='ocrx_word' id='word_1_6' title='bbox 210 402 268 429; x_wconf 76' lang='lat' dir='ltr'>and</span> <span class='ocrx_word' id='word_1_7' title='bbox 291 411 306 429; x_wconf 84' lang='lat' dir='ltr'>a</span> <span class='ocrx_word' id='word_1_8' title='bbox 327 402 384 428; x_wconf 83' lang='lat' dir='ltr'>last</span> 
     </span>
     <span class='ocr_line' id='line_1_4' title="bbox 214 437 383 464; baseline -0.006 0"><span class='ocrx_word' id='word_1_9' title='bbox 214 438 329 464; x_wconf 78' lang='lat' dir='ltr'>instant</span> <span class='ocrx_word' id='word_1_10' title='bbox 348 437 383 463; x_wconf 72' lang='grc'>01</span> 
     </span>
    </p>

    <p class='ocr_par' dir='ltr' id='par_1_3' title="bbox 187 471 414 504">
     <span class='ocr_line' id='line_1_5' title="bbox 187 471 414 504; baseline -0.004 -4"><span class='ocrx_word' id='word_1_11' title='bbox 187 472 286 500; x_wconf 83' lang='lat' dir='ltr'>man&#39;s</span> <span class='ocrx_word' id='word_1_12' title='bbox 309 471 414 504; x_wconf 64' lang='lat' dir='ltr'>being:</span> 
     </span>
    </p>

    <p class='ocr_par' dir='ltr' id='par_1_4' title="bbox 182 506 415 569">
     <span class='ocr_line' id='line_1_6' title="bbox 182 506 415 534; baseline -0.009 0"><span class='ocrx_word' id='word_1_13' title='bbox 182 508 218 534; x_wconf 91' lang='lat' dir='ltr'>he</span> <span class='ocrx_word' id='word_1_14' title='bbox 239 506 341 533; x_wconf 74' lang='lat' dir='ltr'>would</span> <span class='ocrx_word' id='word_1_15' title='bbox 364 510 415 532; x_wconf 86' lang='lat' dir='ltr'>not</span> 
     </span>
     <span class='ocr_line' id='line_1_7' title="bbox 234 541 363 569; baseline -0.016 0"><span class='ocrx_word' id='word_1_16' title='bbox 234 542 305 569; x_wconf 84' lang='lat' dir='ltr'>then</span> <span class='ocrx_word' id='word_1_17' title='bbox 326 541 363 567; x_wconf 89' lang='lat' dir='ltr'>be</span> 
     </span>
    </p>

    <p class='ocr_par' dir='ltr' id='par_1_5' title="bbox 171 575 430 604">
     <span class='ocr_line' id='line_1_8' title="bbox 171 575 430 604; baseline -0.012 0"><span class='ocrx_word' id='word_1_18' title='bbox 171 576 293 604; x_wconf 80' lang='lat' dir='ltr'>infinite]</span> <span class='ocrx_word' id='word_1_19' title='bbox 336 575 430 604; x_wconf 64' lang='lat' dir='ltr'>weali,</span> 
     </span>
    </p>

    <p class='ocr_par' dir='ltr' id='par_1_6' title="bbox 164 584 436 646">
     <span class='ocr_line' id='line_1_9' title="bbox 164 584 436 646; baseline -0.015 -7"><span class='ocrx_word' id='word_1_20' title='bbox 164 611 280 646; x_wconf 77' lang='lat' dir='ltr'>though</span> <span class='ocrx_word' id='word_1_21' title='bbox 299 584 349 637; x_wconf 72' lang='lat' dir='ltr'>iiis</span> <span class='ocrx_word' id='word_1_22' title='bbox 371 610 436 636; x_wconf 86' lang='lat' dir='ltr'>soul</span> 
     </span>
    </p>

    <p class='ocr_par' dir='ltr' id='par_1_7' title="bbox 184 646 420 681">
     <span class='ocr_line' id='line_1_10' title="bbox 184 646 420 681; baseline -0.008 -8"><span class='ocrx_word' id='word_1_23' title='bbox 184 646 281 681; x_wconf 66' lang='lat' dir='ltr'>might</span> <span class='ocrx_word' id='word_1_24' title='bbox 302 649 420 672; x_wconf 83' lang='lat' dir='ltr'>actuatc</span> 
     </span>
    </p>

    <p class='ocr_par' dir='ltr' id='par_1_8' title="bbox 183 680 413 749">
     <span class='ocr_line' id='line_1_11' title="bbox 183 680 413 715; baseline -0.013 -7"><span class='ocrx_word' id='word_1_25' title='bbox 183 681 230 708; x_wconf 85' lang='lat' dir='ltr'>his</span> <span class='ocrx_word' id='word_1_26' title='bbox 252 680 332 715; x_wconf 83' lang='lat' dir='ltr'>body</span> <span class='ocrx_word' id='word_1_27' title='bbox 354 680 413 706; x_wconf 79' lang='lat' dir='ltr'>less</span> 
     </span>
     <span class='ocr_line' id='line_1_12' title="bbox 217 714 376 749; baseline -0.013 -6"><span class='ocrx_word' id='word_1_28' title='bbox 217 714 376 749; x_wconf 84' lang='lat' dir='ltr'>intensely.</span> 
     </span>
    </p>
   </div>
   <div class='ocr_carea' id='block_1_3' title="bbox 153 889 440 1658">
    <p class='ocr_par' dir='ltr' id='par_1_9' title="bbox 180 889 426 1059">
     <span class='ocr_line' id='line_1_13' title="bbox 237 889 363 917; baseline -0.008 -1"><span class='ocrx_word' id='word_1_29' title='bbox 237 890 273 917; x_wconf 92' lang='lat' dir='ltr'>V.</span> <span class='ocrx_word' id='word_1_30' title='bbox 295 889 363 916; x_wconf 87' lang='lat' dir='ltr'>The</span> 
     </span>
     <span class='ocr_line' id='line_1_14' title="bbox 180 925 426 959; baseline -0.012 -6"><span class='ocrx_word' id='word_1_31' title='bbox 180 925 373 959; x_wconf 76' lang='lat' dir='ltr'>assumption</span> <span class='ocrx_word' id='word_1_32' title='bbox 396 926 426 950; x_wconf 84' lang='lat' dir='ltr'>ot·</span> 
     </span>
     <span class='ocr_line' id='line_1_15' title="bbox 240 959 375 986; baseline 0 0"><span class='ocrx_word' id='word_1_33' title='bbox 240 960 289 986; x_wconf 84' lang='lat' dir='ltr'>the</span> <span class='ocrx_word' id='word_1_34' title='bbox 310 959 375 986; x_wconf 77' lang='lat' dir='ltr'>lil&#39;th</span> 
     </span>
     <span class='ocr_line' id='line_1_16' title="bbox 205 994 403 1029; baseline -0.01 -7"><span class='ocrx_word' id='word_1_35' title='bbox 205 994 355 1029; x_wconf 78' lang='lat' dir='ltr'>objection</span> <span class='ocrx_word' id='word_1_36' title='bbox 377 994 403 1021; x_wconf 80' lang='lat' dir='ltr'>is</span> 
     </span>
     <span class='ocr_line' id='line_1_17' title="bbox 228 1030 390 1059; baseline -0.006 -2"><span class='ocrx_word' id='word_1_37' title='bbox 228 1030 318 1059; x_wconf 73' lang='lat' dir='ltr'>false:</span> <span class='ocrx_word' id='word_1_38' title='bbox 341 1030 390 1056; x_wconf 87' lang='lat' dir='ltr'>the</span> 
     </span>
    </p>

    <p class='ocr_par' dir='ltr' id='par_1_10' title="bbox 153 1064 440 1658">
     <span class='ocr_line' id='line_1_18' title="bbox 153 1064 410 1100; baseline -0.004 -8"><span class='ocrx_word' id='word_1_39' title='bbox 153 1094 158 1100; x_wconf 37' lang='lat'><strong>⁴</strong></span> <span class='ocrx_word' id='word_1_40' title='bbox 210 1065 327 1092; x_wconf 83' lang='lat' dir='ltr'>blessecl</span> <span class='ocrx_word' id='word_1_41' title='bbox 351 1064 410 1091; x_wconf 81' lang='lat' dir='ltr'>will</span> 
     </span>
     <span class='ocr_line' id='line_1_19' title="bbox 188 1099 420 1136; baseline -0.004 -10"><span class='ocrx_word' id='word_1_42' title='bbox 188 1100 278 1136; x_wconf 80' lang='lat' dir='ltr'>enioy</span> <span class='ocrx_word' id='word_1_43' title='bbox 298 1099 420 1127; x_wconf 67' lang='lat' dir='ltr'>Heaven</span> 
     </span>
     <span class='ocr_line' id='line_1_20' title="bbox 182 1135 421 1162; baseline -0.004 0"><span class='ocrx_word' id='word_1_44' title='bbox 182 1140 211 1162; x_wconf 89' lang='lat' dir='ltr'>to</span> <span class='ocrx_word' id='word_1_45' title='bbox 234 1135 283 1162; x_wconf 85' lang='lat' dir='ltr'>the</span> <span class='ocrx_word' id='word_1_46' title='bbox 304 1139 421 1161; x_wconf 84' lang='lat' dir='ltr'>utmost</span> 
     </span>
     <span class='ocr_line' id='line_1_21' title="bbox 242 1169 372 1197; baseline 0 -1"><span class='ocrx_word' id='word_1_47' title='bbox 242 1169 277 1197; x_wconf 85' lang='lat' dir='ltr'>of</span> <span class='ocrx_word' id='word_1_48' title='bbox 293 1169 372 1197; x_wconf 81' lang='lat' dir='ltr'>their</span> 
     </span>
     <span class='ocr_line' id='line_1_22' title="bbox 235 1204 383 1240; baseline 0 -9"><span class='ocrx_word' id='word_1_49' title='bbox 235 1204 383 1240; x_wconf 77' lang='lat' dir='ltr'>capacity.</span> 
     </span>
     <span class='ocr_line' id='line_1_23' title="bbox 211 1240 405 1267; baseline -0.01 0"><span class='ocrx_word' id='word_1_50' title='bbox 211 1240 405 1267; x_wconf 74' lang='lat' dir='ltr'>Grosscteste</span> 
     </span>
     <span class='ocr_line' id='line_1_24' title="bbox 185 1274 429 1308; baseline -0.008 -6"><span class='ocrx_word' id='word_1_51' title='bbox 185 1283 255 1302; x_wconf 72' lang='lat' dir='ltr'>savs</span> <span class='ocrx_word' id='word_1_52' title='bbox 277 1274 339 1301; x_wconf 83' lang='lat' dir='ltr'>that</span> <span class='ocrx_word' id='word_1_53' title='bbox 360 1274 429 1308; x_wconf 65' lang='lat' dir='ltr'>tliey</span> 
     </span>
     <span class='ocr_line' id='line_1_25' title="bbox 192 1306 422 1337; baseline 0 -2"><span class='ocrx_word' id='word_1_54' title='bbox 192 1306 251 1337; x_wconf 75' lang='lat' dir='ltr'>will</span> <span class='ocrx_word' id='word_1_55' title='bbox 274 1310 364 1336; x_wconf 79' lang='lat' dir='ltr'>know</span> <span class='ocrx_word' id='word_1_56' title='bbox 386 1309 422 1335; x_wconf 85' lang='lat' dir='ltr'>all</span> 
     </span>
     <span class='ocr_line' id='line_1_26' title="bbox 254 1344 368 1377; baseline -0.018 -6"><span class='ocrx_word' id='word_1_57' title='bbox 254 1344 368 1377; x_wconf 64' lang='lat' dir='ltr'>things.</span> 
     </span>
     <span class='ocr_line' id='line_1_27' title="bbox 197 1378 425 1407; baseline -0.013 0"><span class='ocrx_word' id='word_1_58' title='bbox 197 1380 263 1407; x_wconf 87' lang='lat' dir='ltr'>The</span> <span class='ocrx_word' id='word_1_59' title='bbox 284 1379 349 1406; x_wconf 77' lang='lat' dir='ltr'>soul</span> <span class='ocrx_word' id='word_1_60' title='bbox 372 1378 425 1404; x_wconf 77' lang='lat' dir='ltr'>lias</span> 
     </span>
     <span class='ocr_line' id='line_1_28' title="bbox 236 1414 388 1440; baseline -0.007 0"><span class='ocrx_word' id='word_1_61' title='bbox 236 1423 251 1440; x_wconf 81' lang='lat' dir='ltr'>a</span> <span class='ocrx_word' id='word_1_62' title='bbox 273 1414 388 1440; x_wconf 80' lang='lat' dir='ltr'>natural</span> 
     </span>
     <span class='ocr_line' id='line_1_29' title="bbox 219 1448 404 1483; baseline -0.005 -7"><span class='ocrx_word' id='word_1_63' title='bbox 219 1448 404 1483; x_wconf 81' lang='lat' dir='ltr'>disposition</span> 
     </span>
     <span class='ocr_line' id='line_1_30' title="bbox 209 1483 408 1511; baseline -0.005 0"><span class='ocrx_word' id='word_1_64' title='bbox 209 1490 240 1511; x_wconf 73' lang='lat' dir='ltr'>to</span> <span class='ocrx_word' id='word_1_65' title='bbox 262 1485 351 1510; x_wconf 71' lang='lat' dir='ltr'>know</span> <span class='ocrx_word' id='word_1_66' title='bbox 373 1483 408 1510; x_wconf 72' lang='lat' dir='ltr'>all</span> 
     </span>
     <span class='ocr_line' id='line_1_31' title="bbox 188 1518 440 1550; baseline -0.008 -4"><span class='ocrx_word' id='word_1_67' title='bbox 188 1519 281 1550; x_wconf 79' lang='lat' dir='ltr'>truth,</span> <span class='ocrx_word' id='word_1_68' title='bbox 304 1518 440 1544; x_wconf 71' lang='lat' dir='ltr'>whether</span> 
     </span>
     <span class='ocr_line' id='line_1_32' title="bbox 246 1553 388 1588; baseline -0.007 -8"><span class='ocrx_word' id='word_1_69' title='bbox 246 1553 388 1588; x_wconf 83' lang='lat' dir='ltr'>complex</span> 
     </span>
     <span class='ocr_line' id='line_1_33' title="bbox 215 1589 417 1615; baseline -0.005 0"><span class='ocrx_word' id='word_1_70' title='bbox 215 1589 360 1615; x_wconf 77' lang='lat' dir='ltr'>relations</span> <span class='ocrx_word' id='word_1_71' title='bbox 383 1595 417 1614; x_wconf 78' lang='lat' dir='ltr'>or</span> 
     </span>
     <span class='ocr_line' id='line_1_34' title="bbox 208 1623 424 1658; baseline -0.009 -8"><span class='ocrx_word' id='word_1_72' title='bbox 208 1624 317 1658; x_wconf 75' lang='lat' dir='ltr'>simple</span> <span class='ocrx_word' id='word_1_73' title='bbox 338 1623 424 1650; x_wconf 74' lang='lat' dir='ltr'>facts.</span> 
     </span>
    </p>
   </div>
   <div class='ocr_carea' id='block_1_4' title="bbox 181 1762 452 2000">
    <p class='ocr_par' dir='ltr' id='par_1_11' title="bbox 181 1762 452 2000">
     <span class='ocr_line' id='line_1_35' title="bbox 252 1762 378 1789; baseline -0.008 0"><span class='ocrx_word' id='word_1_74' title='bbox 252 1762 307 1789; x_wconf 72' lang='lat' dir='ltr'>But</span> <span class='ocrx_word' id='word_1_75' title='bbox 329 1762 378 1788; x_wconf 83' lang='lat' dir='ltr'>the</span> 
     </span>
     <span class='ocr_line' id='line_1_36' title="bbox 226 1797 408 1824; baseline -0.005 0"><span class='ocrx_word' id='word_1_76' title='bbox 226 1797 408 1824; x_wconf 64' lang='lat' dir='ltr'>intellectuat</span> 
     </span>
     <span class='ocr_line' id='line_1_37' title="bbox 181 1829 446 1865; baseline -0.019 -5"><span class='ocrx_word' id='word_1_77' title='bbox 181 1832 274 1865; x_wconf 86' lang='lat' dir='ltr'>habit,</span> <span class='ocrx_word' id='word_1_78' title='bbox 295 1840 330 1858; x_wconf 83' lang='lat' dir='ltr'>or</span> <span class='ocrx_word' id='word_1_79' title='bbox 351 1829 446 1858; x_wconf 80' lang='lat' dir='ltr'>acina!</span> 
     </span>
     <span class='ocr_line' id='line_1_38' title="bbox 189 1865 452 1895; baseline -0.015 0"><span class='ocrx_word' id='word_1_80' title='bbox 189 1866 321 1895; x_wconf 56' lang='lat' dir='ltr'>cxci-eisc</span> <span class='ocrx_word' id='word_1_81' title='bbox 342 1867 375 1893; x_wconf 56' lang='lat'>01*</span> <span class='ocrx_word' id='word_1_82' title='bbox 392 1865 452 1893; x_wconf 77' lang='lat' dir='ltr'>this</span> 
     </span>
     <span class='ocr_line' id='line_1_39' title="bbox 240 1902 399 1937; baseline -0.006 -8"><span class='ocrx_word' id='word_1_83' title='bbox 240 1902 352 1937; x_wconf 74' lang='lat' dir='ltr'>faculty</span> <span class='ocrx_word' id='word_1_84' title='bbox 374 1902 399 1928; x_wconf 84' lang='lat' dir='ltr'>is</span> 
     </span>
     <span class='ocr_line' id='line_1_40' title="bbox 216 1937 421 1972; baseline -0.01 -7"><span class='ocrx_word' id='word_1_85' title='bbox 216 1937 371 1972; x_wconf 75' lang='lat' dir='ltr'>required,</span> <span class='ocrx_word' id='word_1_86' title='bbox 393 1937 421 1963; x_wconf 87' lang='lat' dir='ltr'>iu</span> 
     </span>
     <span class='ocr_line' id='line_1_41' title="bbox 187 1973 451 2000; baseline -0.011 0"><span class='ocrx_word' id='word_1_87' title='bbox 187 1973 278 2000; x_wconf 79' lang='lat' dir='ltr'>ordei·</span> <span class='ocrx_word' id='word_1_88' title='bbox 299 1977 328 2000; x_wconf 89' lang='lat' dir='ltr'>to</span> <span class='ocrx_word' id='word_1_89' title='bbox 350 1973 451 1999; x_wconf 73' lang='lat' dir='ltr'>know.</span> 
     </span>
    </p>
   </div>
   <div class='ocr_carea' id='block_1_5' title="bbox 192 2111 464 2627">
    <p class='ocr_par' dir='ltr' id='par_1_12' title="bbox 192 2111 464 2627">
     <span class='ocr_line' id='line_1_42' title="bbox 201 2111 432 2143; baseline -0.009 -4"><span class='ocrx_word' id='word_1_90' title='bbox 201 2112 271 2143; x_wconf 77' lang='lat' dir='ltr'>And</span> <span class='ocrx_word' id='word_1_91' title='bbox 294 2112 312 2138; x_wconf 79' lang='lat' dir='ltr'>it</span> <span class='ocrx_word' id='word_1_92' title='bbox 335 2111 432 2138; x_wconf 77' lang='lat' dir='ltr'>actual</span> 
     </span>
     <span class='ocr_line' id='line_1_43' title="bbox 211 2146 436 2179; baseline -0.013 -5"><span class='ocrx_word' id='word_1_93' title='bbox 211 2146 391 2179; x_wconf 70' lang='lat' dir='ltr'>knowledge</span> <span class='ocrx_word' id='word_1_94' title='bbox 412 2146 436 2172; x_wconf 83' lang='lat' dir='ltr'>is</span> 
     </span>
     <span class='ocr_line' id='line_1_44' title="bbox 219 2181 426 2217; baseline -0.005 -9"><span class='ocrx_word' id='word_1_95' title='bbox 219 2182 365 2217; x_wconf 77' lang='lat' dir='ltr'>aequircd</span> <span class='ocrx_word' id='word_1_96' title='bbox 388 2181 426 2215; x_wconf 69' lang='lat' dir='ltr'>by</span> 
     </span>
     <span class='ocr_line' id='line_1_45' title="bbox 203 2216 442 2250; baseline -0.008 -7"><span class='ocrx_word' id='word_1_97' title='bbox 203 2216 442 2250; x_wconf 69' lang='lat' dir='ltr'>contemplation</span> 
     </span>
     <span class='ocr_line' id='line_1_46' title="bbox 192 2251 460 2281; baseline -0.004 -4"><span class='ocrx_word' id='word_1_98' title='bbox 192 2252 321 2279; x_wconf 73' lang='lat' dir='ltr'>without</span> <span class='ocrx_word' id='word_1_99' title='bbox 342 2251 460 2281; x_wconf 45' lang='lat' dir='ltr'>labourf</span> 
     </span>
     <span class='ocr_line' id='line_1_47' title="bbox 232 2285 416 2313; baseline -0.011 0"><span class='ocrx_word' id='word_1_100' title='bbox 232 2287 254 2313; x_wconf 90' lang='lat' dir='ltr'>it</span> <span class='ocrx_word' id='word_1_101' title='bbox 277 2286 302 2312; x_wconf 84' lang='lat' dir='ltr'>is</span> <span class='ocrx_word' id='word_1_102' title='bbox 322 2285 416 2312; x_wconf 84' lang='lat' dir='ltr'>called</span> 
     </span>
     <span class='ocr_line' id='line_1_48' title="bbox 209 2319 444 2356; baseline -0.004 -9"><span class='ocrx_word' id='word_1_103' title='bbox 209 2321 393 2356; x_wconf 67' lang='lat' dir='ltr'>knowledge</span> <span class='ocrx_word' id='word_1_104' title='bbox 413 2319 444 2346; x_wconf 78' lang='lat' dir='ltr'>in</span> 
     </span>
     <span class='ocr_line' id='line_1_49' title="bbox 237 2354 416 2385; baseline -0.011 -3"><span class='ocrx_word' id='word_1_105' title='bbox 237 2356 287 2383; x_wconf 74' lang='lat' dir='ltr'>llic</span> <span class='ocrx_word' id='word_1_106' title='bbox 312 2354 416 2385; x_wconf 69' lang='lat' dir='ltr'>ll&#39;orcl,</span> 
     </span>
     <span class='ocr_line' id='line_1_50' title="bbox 226 2390 429 2425; baseline -0.01 -8"><span class='ocrx_word' id='word_1_107' title='bbox 226 2392 283 2418; x_wconf 78' lang='lat' dir='ltr'>and</span> <span class='ocrx_word' id='word_1_108' title='bbox 307 2390 429 2425; x_wconf 79' lang='lat' dir='ltr'>implics</span> 
     </span>
     <span class='ocr_line' id='line_1_51' title="bbox 210 2425 446 2453; baseline -0.008 -1"><span class='ocrx_word' id='word_1_109' title='bbox 210 2426 274 2452; x_wconf 71' lang='lat' dir='ltr'>that</span> <span class='ocrx_word' id='word_1_110' title='bbox 297 2425 347 2452; x_wconf 86' lang='lat' dir='ltr'>the</span> <span class='ocrx_word' id='word_1_111' title='bbox 368 2425 446 2453; x_wconf 85' lang='lat' dir='ltr'>sonl.</span> 
     </span>
     <span class='ocr_line' id='line_1_52' title="bbox 192 2460 464 2493; baseline -0.015 -6"><span class='ocrx_word' id='word_1_112' title='bbox 192 2460 316 2493; x_wconf 61' lang='lat' dir='ltr'>icnding</span> <span class='ocrx_word' id='word_1_113' title='bbox 331 2460 464 2486; x_wconf 71' lang='lat' dir='ltr'>towards</span> 
     </span>
     <span class='ocr_line' id='line_1_53' title="bbox 265 2494 390 2527; baseline -0.008 -6"><span class='ocrx_word' id='word_1_114' title='bbox 265 2494 344 2527; x_wconf 60' lang='lat' dir='ltr'>(jod,</span> <span class='ocrx_word' id='word_1_115' title='bbox 366 2494 390 2520; x_wconf 75' lang='lat' dir='ltr'>is</span> 
     </span>
     <span class='ocr_line' id='line_1_54' title="bbox 202 2529 454 2564; baseline -0.008 -8"><span class='ocrx_word' id='word_1_116' title='bbox 202 2529 393 2564; x_wconf 76' lang='lat' dir='ltr'>enlightcncd</span> <span class='ocrx_word' id='word_1_117' title='bbox 417 2529 454 2564; x_wconf 66' lang='lat' dir='ltr'>by</span> 
     </span>
     <span class='ocr_line' id='line_1_55' title="bbox 288 2564 369 2590; baseline -0.012 0"><span class='ocrx_word' id='word_1_118' title='bbox 288 2564 369 2590; x_wconf 81' lang='lat' dir='ltr'>Him.</span> 
     </span>
     <span class='ocr_line' id='line_1_56' title="bbox 266 2599 392 2627; baseline -0.008 -2"><span class='ocrx_word' id='word_1_119' title='bbox 266 2599 291 2625; x_wconf 84' lang='lat' dir='ltr'>It</span> <span class='ocrx_word' id='word_1_120' title='bbox 313 2607 392 2627; x_wconf 64' lang='lat' dir='ltr'>mov,</span> 
     </span>
    </p>
   </div>
   <div class='ocr_carea' id='block_1_6' title="bbox 888 251 1763 292">
    <p class='ocr_par' dir='ltr' id='par_1_13' title="bbox 888 251 1763 292">
     <span class='ocr_line' id='line_1_57' title="bbox 888 251 1763 292; baseline -0.016 -1"><span class='ocrx_word' id='word_1_121' title='bbox 888 260 1112 292; x_wconf 66' lang='lat' dir='ltr'>JOHANNJS</span> <span class='ocrx_word' id='word_1_122' title='bbox 1139 259 1324 290; x_wconf 63' lang='lat' dir='ltr'>WYCLIF</span> <span class='ocrx_word' id='word_1_123' title='bbox 1585 253 1674 283; x_wconf 81' lang='lat' dir='ltr'>CAP.</span> <span class='ocrx_word' id='word_1_124' title='bbox 1695 251 1763 279; x_wconf 87' lang='lat' dir='ltr'>VII,</span> 
     </span>
    </p>
   </div>
   <div class='ocr_carea' id='block_1_7' title="bbox 452 366 1779 1575">
    <p class='ocr_par' dir='ltr' id='par_1_14' title="bbox 452 366 1770 869">
     <span class='ocr_line' id='line_1_58' title="bbox 454 366 1764 418; baseline 0 -16"><span class='ocrx_word' id='word_1_125' title='bbox 454 369 629 418; x_wconf 81' lang='lat' dir='ltr'>primum</span> <span class='ocrx_word' id='word_1_126' title='bbox 665 380 784 415; x_wconf 86' lang='lat' dir='ltr'>quam</span> <span class='ocrx_word' id='word_1_127' title='bbox 822 367 1006 402; x_wconf 89' lang='lat' dir='ltr'>ultimum</span> <span class='ocrx_word' id='word_1_128' title='bbox 1041 366 1194 402; x_wconf 85' lang='lat' dir='ltr'>instans</span> <span class='ocrx_word' id='word_1_129' title='bbox 1227 378 1307 402; x_wconf 69' lang='lat' dir='ltr'>esse</span> <span class='ocrx_word' id='word_1_130' title='bbox 1340 366 1526 402; x_wconf 88' lang='lat' dir='ltr'>hominis.</span> <span class='ocrx_word' id='word_1_131' title='bbox 1560 368 1642 402; x_wconf 82' lang='lat' dir='ltr'>Nec</span> <span class='ocrx_word' id='word_1_132' title='bbox 1664 367 1764 403; x_wconf 81' lang='lat' dir='ltr'>foret</span> 
     </span>
     <span class='ocr_line' id='line_1_59' title="bbox 454 423 1765 474; baseline -0.002 -10"><span class='ocrx_word' id='word_1_133' title='bbox 454 427 543 464; x_wconf 86' lang='lat' dir='ltr'>talis</span> <span class='ocrx_word' id='word_1_134' title='bbox 589 427 712 462; x_wconf 85' lang='lat' dir='ltr'>homo</span> <span class='ocrx_word' id='word_1_135' title='bbox 757 423 958 460; x_wconf 79' lang='lat' dir='ltr'>infinitum</span> <span class='ocrx_word' id='word_1_136' title='bbox 1005 423 1161 474; x_wconf 75' lang='lat' dir='ltr'>debilis,</span> <span class='ocrx_word' id='word_1_137' title='bbox 1206 436 1296 460; x_wconf 90' lang='lat' dir='ltr'>cum</span> <span class='ocrx_word' id='word_1_138' title='bbox 1343 433 1477 471; x_wconf 84' lang='lat' dir='ltr'>posset</span> <span class='ocrx_word' id='word_1_139' title='bbox 1522 434 1603 460; x_wconf 85' lang='lat' dir='ltr'>tam</span> <span class='ocrx_word' id='word_1_140' title='bbox 1649 437 1765 472; x_wconf 83' lang='lat' dir='ltr'>agere</span> 
     </span>
     <span class='ocr_line' id='line_1_60' title="bbox 454 481 1765 534; baseline -0.003 -13"><span class='ocrx_word' id='word_1_141' title='bbox 454 497 573 534; x_wconf 87' lang='lat' dir='ltr'>quam</span> <span class='ocrx_word' id='word_1_142' title='bbox 619 483 716 532; x_wconf 88' lang='lat' dir='ltr'>pati.</span> <span class='ocrx_word' id='word_1_143' title='bbox 760 484 1053 518; x_wconf 81' lang='lat' dir='ltr'>Verumtamen</span> <span class='ocrx_word' id='word_1_144' title='bbox 1091 481 1226 518; x_wconf 88' lang='lat' dir='ltr'>anima</span> <span class='ocrx_word' id='word_1_145' title='bbox 1266 489 1398 529; x_wconf 83' lang='lat' dir='ltr'>potest</span> <span class='ocrx_word' id='word_1_146' title='bbox 1435 483 1507 517; x_wconf 90' lang='lat' dir='ltr'>sub</span> <span class='ocrx_word' id='word_1_147' title='bbox 1546 481 1765 518; x_wconf 79' lang='lat' dir='ltr'>remissiori</span> 
     </span>
     <span class='ocr_line' id='line_1_61' title="bbox 452 539 1765 591; baseline -0.003 -11"><span class='ocrx_word' id='word_1_148' title='bbox 452 543 579 591; x_wconf 79' lang='lat' dir='ltr'>gradu</span> <span class='ocrx_word' id='word_1_149' title='bbox 619 539 898 589; x_wconf 77' lang='lat' dir='ltr'>disposicionis</span> <span class='ocrx_word' id='word_1_150' title='bbox 932 539 1098 577; x_wconf 84' lang='lat' dir='ltr'>materie</span> <span class='ocrx_word' id='word_1_151' title='bbox 1131 548 1294 576; x_wconf 86' lang='lat' dir='ltr'>actuare</span> <span class='ocrx_word' id='word_1_152' title='bbox 1328 539 1537 575; x_wconf 78' lang='lat' dir='ltr'>materiam</span> <span class='ocrx_word' id='word_1_153' title='bbox 1573 539 1612 576; x_wconf 91' lang='lat' dir='ltr'>in</span> <span class='ocrx_word' id='word_1_154' title='bbox 1645 553 1765 588; x_wconf 84' lang='lat' dir='ltr'>quam</span> 
     </span>
     <span class='ocr_line' id='line_1_62' title="bbox 455 593 1768 650; baseline -0.002 -13"><span class='ocrx_word' id='word_1_155' title='bbox 455 610 512 638; x_wconf 84' lang='lat' dir='ltr'>est</span> <span class='ocrx_word' id='word_1_156' title='bbox 535 600 710 645; x_wconf 85' lang='lat' dir='ltr'>inducta,</span> <span class='ocrx_word' id='word_1_157' title='bbox 745 611 867 647; x_wconf 84' lang='lat' dir='ltr'>quam</span> <span class='ocrx_word' id='word_1_158' title='bbox 900 606 1033 646; x_wconf 88' lang='lat' dir='ltr'>potest</span> <span class='ocrx_word' id='word_1_159' title='bbox 1055 598 1210 634; x_wconf 89' lang='lat' dir='ltr'>noviter</span> <span class='ocrx_word' id='word_1_160' title='bbox 1234 597 1381 634; x_wconf 90' lang='lat' dir='ltr'>induci.</span> <span class='ocrx_word' id='word_1_161' title='bbox 1411 593 1415 650; x_wconf 71' lang='lat' dir='ltr'>l</span> <span class='ocrx_word' id='word_1_162' title='bbox 1444 599 1525 634; x_wconf 88' lang='lat' dir='ltr'>Nec</span> <span class='ocrx_word' id='word_1_163' title='bbox 1553 597 1644 634; x_wconf 89' lang='lat' dir='ltr'>ideo</span> <span class='ocrx_word' id='word_1_164' title='bbox 1668 597 1768 634; x_wconf 89' lang='lat' dir='ltr'>desi-</span> 
     </span>
     <span class='ocr_line' id='line_1_63' title="bbox 454 655 1769 704; baseline -0.003 -9"><span class='ocrx_word' id='word_1_165' title='bbox 454 667 564 696; x_wconf 87' lang='lat' dir='ltr'>neret</span> <span class='ocrx_word' id='word_1_166' title='bbox 602 658 724 694; x_wconf 87' lang='lat' dir='ltr'>homo</span> <span class='ocrx_word' id='word_1_167' title='bbox 763 655 959 704; x_wconf 82' lang='lat' dir='ltr'>incipiens</span> <span class='ocrx_word' id='word_1_168' title='bbox 1000 668 1084 692; x_wconf 88' lang='lat' dir='ltr'>esse</span> <span class='ocrx_word' id='word_1_169' title='bbox 1122 664 1286 704; x_wconf 88' lang='lat' dir='ltr'>propter</span> <span class='ocrx_word' id='word_1_170' title='bbox 1319 655 1676 703; x_wconf 87' lang='lat' dir='ltr'>indisposicionem</span> <span class='ocrx_word' id='word_1_171' title='bbox 1712 655 1769 691; x_wconf 92' lang='lat' dir='ltr'>in—</span> 
     </span>
     <span class='ocr_line' id='line_1_64' title="bbox 455 712 1769 765; baseline -0.004 -12"><span class='ocrx_word' id='word_1_172' title='bbox 455 715 656 765; x_wconf 88' lang='lat' dir='ltr'>cepcionis</span> <span class='ocrx_word' id='word_1_173' title='bbox 694 727 763 751; x_wconf 89' lang='lat' dir='ltr'>sue</span> <span class='ocrx_word' id='word_1_174' title='bbox 802 713 980 751; x_wconf 86' lang='lat' dir='ltr'>materie.</span> <span class='ocrx_word' id='word_1_175' title='bbox 1035 716 1116 750; x_wconf 90' lang='lat' dir='ltr'>Nec</span> <span class='ocrx_word' id='word_1_176' title='bbox 1148 714 1250 750; x_wconf 86' lang='lat' dir='ltr'>foret</span> <span class='ocrx_word' id='word_1_177' title='bbox 1284 713 1452 750; x_wconf 86' lang='lat' dir='ltr'>materia</span> <span class='ocrx_word' id='word_1_178' title='bbox 1484 712 1679 762; x_wconf 87' lang='lat' dir='ltr'>incipiens</span> <span class='ocrx_word' id='word_1_179' title='bbox 1711 713 1769 749; x_wconf 88' lang='lat' dir='ltr'>in-</span> 
     </span>
     <span class='ocr_line' id='line_1_65' title="bbox 456 770 1770 822; baseline -0.003 -11"><span class='ocrx_word' id='word_1_180' title='bbox 456 773 770 822; x_wconf 87' lang='lat' dir='ltr'>disposicionem</span> <span class='ocrx_word' id='word_1_181' title='bbox 830 772 871 808; x_wconf 91' lang='lat' dir='ltr'>in</span> <span class='ocrx_word' id='word_1_182' title='bbox 929 771 998 808; x_wconf 89' lang='lat' dir='ltr'>tali</span> <span class='ocrx_word' id='word_1_183' title='bbox 1057 773 1183 820; x_wconf 80' lang='lat' dir='ltr'>gradu</span> <span class='ocrx_word' id='word_1_184' title='bbox 1237 770 1519 820; x_wconf 84' lang='lat' dir='ltr'>disposicionis</span> <span class='ocrx_word' id='word_1_185' title='bbox 1571 771 1611 807; x_wconf 88' lang='lat' dir='ltr'>in</span> <span class='ocrx_word' id='word_1_186' title='bbox 1663 771 1770 820; x_wconf 88' lang='lat' dir='ltr'>quali</span> 
     </span>
     <span class='ocr_line' id='line_1_66' title="bbox 457 829 1029 869; baseline -0.007 0"><span class='ocrx_word' id='word_1_187' title='bbox 457 831 677 869; x_wconf 77' lang='lat' dir='ltr'>immediate</span> <span class='ocrx_word' id='word_1_188' title='bbox 710 840 801 867; x_wconf 89' lang='lat' dir='ltr'>ante</span> <span class='ocrx_word' id='word_1_189' title='bbox 834 831 910 867; x_wconf 89' lang='lat' dir='ltr'>hoc</span> <span class='ocrx_word' id='word_1_190' title='bbox 943 829 1029 866; x_wconf 89' lang='lat' dir='ltr'>fuit.</span> 
     </span>
    </p>

    <p class='ocr_par' dir='ltr' id='par_1_15' title="bbox 461 887 1779 1575">
     <span class='ocr_line' id='line_1_67' title="bbox 515 887 1772 935; baseline -0.002 -9"><span class='ocrx_word' id='word_1_191' title='bbox 515 891 575 926; x_wconf 81' lang='lat' dir='ltr'>Ad</span> <span class='ocrx_word' id='word_1_192' title='bbox 623 890 697 926; x_wconf 46' lang='grc' dir='ltr'>ΞΥ(ΗΠ</span> <span class='ocrx_word' id='word_1_193' title='bbox 740 888 1010 925; x_wconf 85' lang='lat' dir='ltr'>obieccionem</span> <span class='ocrx_word' id='word_1_194' title='bbox 1067 887 1213 924; x_wconf 88' lang='lat' dir='ltr'>dicitur</span> <span class='ocrx_word' id='word_1_195' title='bbox 1266 888 1373 935; x_wconf 89' lang='lat' dir='ltr'>quod</span> <span class='ocrx_word' id='word_1_196' title='bbox 1418 896 1669 935; x_wconf 85' lang='lat' dir='ltr'>assumptum</span> <span class='ocrx_word' id='word_1_197' title='bbox 1716 895 1772 923; x_wconf 90' lang='lat' dir='ltr'>est</span> 
     </span>
     <span class='ocr_line' id='line_1_68' title="bbox 461 945 1771 998; baseline -0.003 -14"><span class='ocrx_word' id='word_1_198' title='bbox 461 949 618 998; x_wconf 76' lang='lat' dir='ltr'>falsum,</span> <span class='ocrx_word' id='word_1_199' title='bbox 651 960 739 983; x_wconf 89' lang='lat' dir='ltr'>cum</span> <span class='ocrx_word' id='word_1_200' title='bbox 775 946 880 983; x_wconf 85' lang='lat' dir='ltr'>beati</span> <span class='ocrx_word' id='word_1_201' title='bbox 914 947 1115 982; x_wconf 85' lang='lat' dir='ltr'>habebunt</span> <span class='ocrx_word' id='word_1_202' title='bbox 1148 945 1306 982; x_wconf 86' lang='lat' dir='ltr'>habitus</span> <span class='ocrx_word' id='word_1_203' title='bbox 1341 948 1397 982; x_wconf 77' lang='lat' dir='ltr'>2¹n</span> <span class='ocrx_word' id='word_1_204' title='bbox 1434 945 1575 981; x_wconf 83' lang='lat' dir='ltr'>ultima</span> <span class='ocrx_word' id='word_1_205' title='bbox 1608 958 1771 982; x_wconf 87' lang='lat' dir='ltr'>suarum</span> 
     </span>
     <span class='ocr_line' id='line_1_69' title="bbox 463 1002 1774 1054; baseline -0.003 -11"><span class='ocrx_word' id='word_1_206' title='bbox 463 1006 746 1054; x_wconf 80' lang='lat' dir='ltr'>capacitatum.</span> <span class='ocrx_word' id='word_1_207' title='bbox 801 1006 850 1041; x_wconf 87' lang='lat' dir='ltr'>Et</span> <span class='ocrx_word' id='word_1_208' title='bbox 884 1008 941 1040; x_wconf 71' lang='lat'>2¹¹¹</span> <span class='ocrx_word' id='word_1_209' title='bbox 978 1003 1315 1053; x_wconf 79' lang='lat' dir='ltr'>Lincolniensem,</span> <span class='ocrx_word' id='word_1_210' title='bbox 1360 1002 1527 1051; x_wconf 84' lang='lat' dir='ltr'>quilibet</span> <span class='ocrx_word' id='word_1_211' title='bbox 1560 1003 1649 1040; x_wconf 84' lang='lat' dir='ltr'>talis</span> <span class='ocrx_word' id='word_1_212' title='bbox 1683 1016 1774 1051; x_wconf 79' lang='lat' dir='ltr'>cog-</span> 
     </span>
     <span class='ocr_line' id='line_1_70' title="bbox 462 1060 1774 1113; baseline -0.003 -12"><span class='ocrx_word' id='word_1_213' title='bbox 462 1073 601 1101; x_wconf 88' lang='lat' dir='ltr'>noscet</span> <span class='ocrx_word' id='word_1_214' title='bbox 634 1063 783 1113; x_wconf 71' lang='lat' dir='ltr'>omnia‚</span> <span class='ocrx_word' id='word_1_215' title='bbox 818 1075 908 1098; x_wconf 91' lang='lat' dir='ltr'>cum</span> <span class='ocrx_word' id='word_1_216' title='bbox 943 1061 1078 1098; x_wconf 84' lang='lat' dir='ltr'>anima</span> <span class='ocrx_word' id='word_1_217' title='bbox 1109 1061 1191 1098; x_wconf 88' lang='lat' dir='ltr'>eius</span> <span class='ocrx_word' id='word_1_218' title='bbox 1220 1074 1301 1097; x_wconf 87' lang='lat' dir='ltr'>non</span> <span class='ocrx_word' id='word_1_219' title='bbox 1323 1060 1443 1097; x_wconf 85' lang='lat' dir='ltr'>fuerit</span> <span class='ocrx_word' id='word_1_220' title='bbox 1467 1062 1570 1098; x_wconf 90' lang='lat' dir='ltr'>mole</span> <span class='ocrx_word' id='word_1_221' title='bbox 1594 1061 1774 1109; x_wconf 89' lang='lat' dir='ltr'>corporis</span> 
     </span>
     <span class='ocr_line' id='line_1_71' title="bbox 462 1119 1774 1171; baseline -0.003 -12"><span class='ocrx_word' id='word_1_222' title='bbox 462 1121 670 1171; x_wconf 87' lang='lat' dir='ltr'>prepedita</span> <span class='ocrx_word' id='word_1_223' title='bbox 703 1133 776 1157; x_wconf 86' lang='lat' dir='ltr'>nec</span> <span class='ocrx_word' id='word_1_224' title='bbox 809 1120 970 1157; x_wconf 83' lang='lat' dir='ltr'>aliunde</span> <span class='ocrx_word' id='word_1_225' title='bbox 1003 1119 1210 1156; x_wconf 85' lang='lat' dir='ltr'>accidente</span> <span class='ocrx_word' id='word_1_226' title='bbox 1243 1128 1430 1155; x_wconf 79' lang='lat' dir='ltr'>extraneo</span> <span class='ocrx_word' id='word_1_227' title='bbox 1462 1128 1673 1168; x_wconf 65' lang='lat' dir='ltr'>occupata⁷</span> <span class='ocrx_word' id='word_1_228' title='bbox 1707 1120 1774 1155; x_wconf 88' lang='lat' dir='ltr'>sed</span> 
     </span>
     <span class='ocr_line' id='line_1_72' title="bbox 462 1177 1776 1229; baseline -0.003 -13"><span class='ocrx_word' id='word_1_229' title='bbox 462 1181 593 1229; x_wconf 89' lang='lat' dir='ltr'>primo</span> <span class='ocrx_word' id='word_1_230' title='bbox 625 1179 776 1215; x_wconf 88' lang='lat' dir='ltr'>lumine</span> <span class='ocrx_word' id='word_1_231' title='bbox 811 1182 867 1216; x_wconf 65' lang='lat'>2¹³¹</span> <span class='ocrx_word' id='word_1_232' title='bbox 905 1178 1089 1214; x_wconf 89' lang='lat' dir='ltr'>ultimum</span> <span class='ocrx_word' id='word_1_233' title='bbox 1131 1177 1335 1214; x_wconf 79' lang='lat' dir='ltr'>irradiata.</span> <span class='ocrx_word' id='word_1_234' title='bbox 1389 1179 1470 1213; x_wconf 92' lang='lat' dir='ltr'>Nec</span> <span class='ocrx_word' id='word_1_235' title='bbox 1510 1186 1567 1213; x_wconf 84' lang='lat' dir='ltr'>est</span> <span class='ocrx_word' id='word_1_236' title='bbox 1605 1178 1680 1213; x_wconf 86' lang='lat' dir='ltr'>hoc</span> <span class='ocrx_word' id='word_1_237' title='bbox 1719 1177 1776 1213; x_wconf 90' lang='lat' dir='ltr'>in-</span> 
     </span>
     <span class='ocr_line' id='line_1_73' title="bbox 463 1234 1777 1285; baseline -0.004 -10"><span class='ocrx_word' id='word_1_238' title='bbox 463 1238 694 1275; x_wconf 83' lang='lat' dir='ltr'>credibilius</span> <span class='ocrx_word' id='word_1_239' title='bbox 734 1250 853 1285; x_wconf 87' lang='lat' dir='ltr'>quam</span> <span class='ocrx_word' id='word_1_240' title='bbox 894 1237 1001 1284; x_wconf 89' lang='lat' dir='ltr'>quod</span> <span class='ocrx_word' id='word_1_241' title='bbox 1041 1249 1164 1272; x_wconf 86' lang='lat' dir='ltr'>unum</span> <span class='ocrx_word' id='word_1_242' title='bbox 1200 1236 1416 1283; x_wconf 86' lang='lat' dir='ltr'>punctuale</span> <span class='ocrx_word' id='word_1_243' title='bbox 1448 1235 1547 1271; x_wconf 85' lang='lat' dir='ltr'>lucis</span> <span class='ocrx_word' id='word_1_244' title='bbox 1581 1234 1777 1271; x_wconf 84' lang='lat' dir='ltr'>diffundat</span> 
     </span>
     <span class='ocr_line' id='line_1_74' title="bbox 463 1293 1778 1334; baseline -0.004 -1"><span class='ocrx_word' id='word_1_245' title='bbox 463 1296 640 1333; x_wconf 83' lang='lat' dir='ltr'>inlinitas</span> <span class='ocrx_word' id='word_1_246' title='bbox 676 1295 800 1332; x_wconf 88' lang='lat' dir='ltr'>lineas</span> <span class='ocrx_word' id='word_1_247' title='bbox 839 1294 1031 1334; x_wconf 73' lang='lat' dir='ltr'>radios-as,</span> <span class='ocrx_word' id='word_1_248' title='bbox 1080 1293 1375 1330; x_wconf 81' lang='lat' dir='ltr'>manifestando</span> <span class='ocrx_word' id='word_1_249' title='bbox 1415 1293 1601 1329; x_wconf 86' lang='lat' dir='ltr'>distincte</span> <span class='ocrx_word' id='word_1_250' title='bbox 1639 1293 1778 1329; x_wconf 87' lang='lat' dir='ltr'>omnia</span> 
     </span>
     <span class='ocr_line' id='line_1_75' title="bbox 464 1351 1779 1403; baseline -0.004 -12"><span class='ocrx_word' id='word_1_251' title='bbox 464 1367 541 1403; x_wconf 84' lang='lat' dir='ltr'>que</span> <span class='ocrx_word' id='word_1_252' title='bbox 574 1354 683 1403; x_wconf 83' lang='lat' dir='ltr'>prius</span> <span class='ocrx_word' id='word_1_253' title='bbox 717 1354 880 1390; x_wconf 78' lang='lat' dir='ltr'>confuse</span> <span class='ocrx_word' id='word_1_254' title='bbox 912 1353 1151 1388; x_wconf 66' lang='lat' dir='ltr'>videbantur</span> <span class='ocrx_word' id='word_1_255' title='bbox 1174 1351 1213 1388; x_wconf 90' lang='lat' dir='ltr'>in</span> <span class='ocrx_word' id='word_1_256' title='bbox 1238 1351 1402 1387; x_wconf 86' lang='lat' dir='ltr'>humine</span> <span class='ocrx_word' id='word_1_257' title='bbox 1427 1351 1600 1388; x_wconf 84' lang='lat' dir='ltr'>radioso.</span> <span class='ocrx_word' id='word_1_258' title='bbox 1634 1351 1779 1387; x_wconf 75' lang='lat' dir='ltr'>Anima</span> 
     </span>
     <span class='ocr_line' id='line_1_76' title="bbox 465 1409 1779 1461; baseline -0.003 -12"><span class='ocrx_word' id='word_1_259' title='bbox 465 1426 558 1461; x_wconf 80' lang='lat' dir='ltr'>ergo</span> <span class='ocrx_word' id='word_1_260' title='bbox 604 1413 721 1449; x_wconf 87' lang='lat' dir='ltr'>habet</span> <span class='ocrx_word' id='word_1_261' title='bbox 766 1411 805 1447; x_wconf 92' lang='lat' dir='ltr'>in</span> <span class='ocrx_word' id='word_1_262' title='bbox 845 1423 884 1447; x_wconf 89' lang='lat' dir='ltr'>se</span> <span class='ocrx_word' id='word_1_263' title='bbox 924 1411 1148 1446; x_wconf 87' lang='lat' dir='ltr'>naturalem</span> <span class='ocrx_word' id='word_1_264' title='bbox 1184 1409 1494 1457; x_wconf 76' lang='lat' dir='ltr'>disposicionem</span> <span class='ocrx_word' id='word_1_265' title='bbox 1540 1411 1588 1446; x_wconf 87' lang='lat' dir='ltr'>ad</span> <span class='ocrx_word' id='word_1_266' title='bbox 1635 1422 1779 1457; x_wconf 73' lang='lat' dir='ltr'>cogno-</span> 
     </span>
     <span class='ocr_line' id='line_1_77' title="bbox 466 1467 1779 1518; baseline -0.004 -11"><span class='ocrx_word' id='word_1_267' title='bbox 466 1472 657 1507; x_wconf 85' lang='lat' dir='ltr'>scendum</span> <span class='ocrx_word' id='word_1_268' title='bbox 692 1481 974 1518; x_wconf 85' lang='lat' dir='ltr'>quamcunque</span> <span class='ocrx_word' id='word_1_269' title='bbox 1007 1469 1215 1505; x_wconf 72' lang='lat' dir='ltr'>veritatem</span> <span class='ocrx_word' id='word_1_270' title='bbox 1255 1480 1323 1504; x_wconf 90' lang='lat' dir='ltr'>sue</span> <span class='ocrx_word' id='word_1_271' title='bbox 1356 1467 1500 1504; x_wconf 89' lang='lat' dir='ltr'>noticie</span> <span class='ocrx_word' id='word_1_272' title='bbox 1533 1467 1779 1515; x_wconf 88' lang='lat' dir='ltr'>possibilem.</span> 
     </span>
     <span class='ocr_line' id='line_1_78' title="bbox 468 1526 1367 1575; baseline -0.004 -10"><span class='ocrx_word' id='word_1_273' title='bbox 468 1532 515 1565; x_wconf 81' lang='lat' dir='ltr'>Et</span> <span class='ocrx_word' id='word_1_274' title='bbox 566 1529 673 1565; x_wconf 82' lang='lat' dir='ltr'>illam</span> <span class='ocrx_word' id='word_1_275' title='bbox 722 1526 1047 1575; x_wconf 76' lang='lat' dir='ltr'>disposicionem,</span> <span class='ocrx_word' id='word_1_276' title='bbox 1106 1526 1367 1567; x_wconf 75' lang='lat' dir='ltr'>habilitatem,</span> 
     </span>
    </p>
   </div>
   <div class='ocr_carea' id='block_1_8' title="bbox 1798 593 1901 626">
    <p class='ocr_par' dir='ltr' id='par_1_16' title="bbox 1798 593 1901 626">
     <span class='ocr_line' id='line_1_79' title="bbox 1798 593 1901 626; baseline -0.01 -1"><span class='ocrx_word' id='word_1_277' title='bbox 1798 595 1824 625; x_wconf 76' lang='lat' dir='ltr'>B</span> <span class='ocrx_word' id='word_1_278' title='bbox 1841 593 1901 626; x_wconf 57' lang='lat'>80&#39;*</span> 
     </span>
    </p>
   </div>
   <div class='ocr_carea' id='block_1_9' title="bbox 1791 894 1829 914">
    <p class='ocr_par' dir='ltr' id='par_1_17' title="bbox 1791 894 1829 914">
     <span class='ocr_line' id='line_1_80' title="bbox 1791 894 1829 914; baseline 0 0"><span class='ocrx_word' id='word_1_279' title='bbox 1791 894 1829 914; x_wconf 83' lang='lat'>10</span> 
     </span>
    </p>
   </div>
   <div class='ocr_carea' id='block_1_10' title="bbox 1797 1174 1832 1205">
    <p class='ocr_par' dir='ltr' id='par_1_18' title="bbox 1797 1174 1832 1205">
     <span class='ocr_line' id='line_1_81' title="bbox 1797 1174 1832 1205; baseline 0.029 -1"><span class='ocrx_word' id='word_1_280' title='bbox 1797 1174 1832 1205; x_wconf 72' lang='lat'>15</span> 
     </span>
    </p>
   </div>
   <div class='ocr_carea' id='block_1_11' title="bbox 1419 1525 1827 1574">
    <p class='ocr_par' dir='ltr' id='par_1_19' title="bbox 1419 1525 1827 1574">
     <span class='ocr_line' id='line_1_82' title="bbox 1419 1525 1827 1574; baseline 0.002 -14"><span class='ocrx_word' id='word_1_281' title='bbox 1419 1525 1675 1574; x_wconf 66' lang='lat' dir='ltr'>pronitatem,</span> <span class='ocrx_word' id='word_1_282' title='bbox 1721 1525 1781 1561; x_wconf 71' lang='lat' dir='ltr'>vel</span> <span class='ocrx_word' id='word_1_283' title='bbox 1825 1546 1827 1548; x_wconf 90' lang='lat'><em>-</em></span> 
     </span>
    </p>
   </div>
   <div class='ocr_carea' id='block_1_12' title="bbox 468 1585 1833 1636">
    <p class='ocr_par' dir='ltr' id='par_1_20' title="bbox 468 1585 1833 1636">
     <span class='ocr_line' id='line_1_83' title="bbox 468 1585 1833 1636; baseline -0.005 -12"><span class='ocrx_word' id='word_1_284' title='bbox 468 1587 695 1636; x_wconf 80' lang='lat' dir='ltr'>potenciam</span> <span class='ocrx_word' id='word_1_285' title='bbox 737 1586 964 1622; x_wconf 82' lang='lat' dir='ltr'>naturalem</span> <span class='ocrx_word' id='word_1_286' title='bbox 1005 1586 1054 1621; x_wconf 88' lang='lat' dir='ltr'>ad</span> <span class='ocrx_word' id='word_1_287' title='bbox 1096 1585 1302 1632; x_wconf 77' lang='lat' dir='ltr'>complexe</span> <span class='ocrx_word' id='word_1_288' title='bbox 1337 1585 1780 1631; x_wconf 86' lang='lat' dir='ltr'>comprehendendum,</span> <span class='ocrx_word' id='word_1_289' title='bbox 1830 1600 1833 1603; x_wconf 95' lang='lat'>·</span> 
     </span>
    </p>
   </div>
   <div class='ocr_carea' id='block_1_13' title="bbox 468 1641 1793 2332">
    <p class='ocr_par' dir='ltr' id='par_1_21' title="bbox 468 1641 1793 2332">
     <span class='ocr_line' id='line_1_84' title="bbox 468 1641 1780 1689; baseline -0.003 -8"><span class='ocrx_word' id='word_1_290' title='bbox 468 1654 612 1682; x_wconf 73' lang='lat' dir='ltr'>vocant</span> <span class='ocrx_word' id='word_1_291' title='bbox 643 1643 823 1681; x_wconf 85' lang='lat' dir='ltr'>habitum</span> <span class='ocrx_word' id='word_1_292' title='bbox 850 1652 917 1680; x_wconf 88' lang='lat' dir='ltr'>aut</span> <span class='ocrx_word' id='word_1_293' title='bbox 940 1642 1154 1679; x_wconf 86' lang='lat' dir='ltr'>scienciam</span> <span class='ocrx_word' id='word_1_294' title='bbox 1180 1642 1378 1687; x_wconf 82' lang='lat' dir='ltr'>innatam;</span> <span class='ocrx_word' id='word_1_295' title='bbox 1413 1641 1513 1678; x_wconf 89' lang='lat' dir='ltr'>sicut</span> <span class='ocrx_word' id='word_1_296' title='bbox 1538 1641 1780 1689; x_wconf 84' lang='lat' dir='ltr'>pronitatem</span> 
     </span>
     <span class='ocr_line' id='line_1_85' title="bbox 469 1701 1784 1749; baseline -0.003 -10"><span class='ocrx_word' id='word_1_297' title='bbox 469 1703 697 1740; x_wconf 79' lang='lat' dir='ltr'>naturalem</span> <span class='ocrx_word' id='word_1_298' title='bbox 752 1703 803 1738; x_wconf 88' lang='lat' dir='ltr'>ad</span> <span class='ocrx_word' id='word_1_299' title='bbox 856 1701 1106 1749; x_wconf 83' lang='lat' dir='ltr'>incomplexe</span> <span class='ocrx_word' id='word_1_300' title='bbox 1160 1701 1587 1748; x_wconf 86' lang='lat' dir='ltr'>comprehendendum</span> <span class='ocrx_word' id='word_1_301' title='bbox 1639 1708 1784 1736; x_wconf 72' lang='lat' dir='ltr'>vocant</span> 
     </span>
     <span class='ocr_line' id='line_1_86' title="bbox 471 1758 1782 1809; baseline -0.003 -12"><span class='ocrx_word' id='word_1_302' title='bbox 471 1761 643 1809; x_wconf 86' lang='lat' dir='ltr'>speciem</span> <span class='ocrx_word' id='word_1_303' title='bbox 680 1761 860 1796; x_wconf 87' lang='lat' dir='ltr'>innatam</span> <span class='ocrx_word' id='word_1_304' title='bbox 895 1760 955 1796; x_wconf 79' lang='lat' dir='ltr'>vel</span> <span class='ocrx_word' id='word_1_305' title='bbox 988 1758 1181 1795; x_wconf 88' lang='lat' dir='ltr'>noticiam</span> <span class='ocrx_word' id='word_1_306' title='bbox 1217 1759 1412 1794; x_wconf 87' lang='lat' dir='ltr'>innatam.</span> <span class='ocrx_word' id='word_1_307' title='bbox 1454 1759 1531 1794; x_wconf 82' lang='lat' dir='ltr'>Sed</span> <span class='ocrx_word' id='word_1_308' title='bbox 1565 1759 1613 1794; x_wconf 87' lang='lat' dir='ltr'>ad</span> <span class='ocrx_word' id='word_1_309' title='bbox 1648 1766 1782 1794; x_wconf 88' lang='lat' dir='ltr'>actua-</span> 
     </span>
     <span class='ocr_line' id='line_1_87' title="bbox 472 1815 1785 1864; baseline -0.004 -8"><span class='ocrx_word' id='word_1_310' title='bbox 472 1820 560 1856; x_wconf 83' lang='lat' dir='ltr'>liter</span> <span class='ocrx_word' id='word_1_311' title='bbox 599 1828 637 1855; x_wconf 92' lang='lat' dir='ltr'>et</span> <span class='ocrx_word' id='word_1_312' title='bbox 675 1818 863 1854; x_wconf 84' lang='lat' dir='ltr'>distincte</span> <span class='ocrx_word' id='word_1_313' title='bbox 896 1818 1144 1854; x_wconf 85' lang='lat' dir='ltr'>noscendum</span> <span class='ocrx_word' id='word_1_314' title='bbox 1178 1816 1387 1853; x_wconf 63' lang='lat' dir='ltr'>veritatem</span> <span class='ocrx_word' id='word_1_315' title='bbox 1422 1815 1639 1864; x_wconf 83' lang='lat' dir='ltr'>requiritur</span> <span class='ocrx_word' id='word_1_316' title='bbox 1670 1824 1785 1852; x_wconf 87' lang='lat' dir='ltr'>natu-</span> 
     </span>
     <span class='ocr_line' id='line_1_88' title="bbox 474 1873 1786 1923; baseline -0.005 -9"><span class='ocrx_word' id='word_1_317' title='bbox 474 1878 566 1914; x_wconf 86' lang='lat' dir='ltr'>ralis</span> <span class='ocrx_word' id='word_1_318' title='bbox 601 1876 857 1922; x_wconf 77' lang='lat' dir='ltr'>exercitaci03</span> <span class='ocrx_word' id='word_1_319' title='bbox 892 1885 928 1912; x_wconf 87' lang='lat' dir='ltr'>et</span> <span class='ocrx_word' id='word_1_320' title='bbox 962 1874 1180 1923; x_wconf 86' lang='lat' dir='ltr'>disposicio</span> <span class='ocrx_word' id='word_1_321' title='bbox 1215 1876 1262 1911; x_wconf 87' lang='lat' dir='ltr'>ab</span> <span class='ocrx_word' id='word_1_322' title='bbox 1296 1874 1362 1910; x_wconf 89' lang='lat' dir='ltr'>illa</span> <span class='ocrx_word' id='word_1_323' title='bbox 1395 1873 1597 1922; x_wconf 85' lang='lat' dir='ltr'>adquisita</span> <span class='ocrx_word' id='word_1_324' title='bbox 1619 1882 1786 1910; x_wconf 71' lang='lat' dir='ltr'>vocatur</span> 
     </span>
     <span class='ocr_line' id='line_1_89' title="bbox 474 1931 1786 1980; baseline -0.005 -7"><span class='ocrx_word' id='word_1_325' title='bbox 474 1936 634 1973; x_wconf 84' lang='lat' dir='ltr'>habitus</span> <span class='ocrx_word' id='word_1_326' title='bbox 667 1933 961 1974; x_wconf 70' lang='lat' dir='ltr'>intellectualis,</span> <span class='ocrx_word' id='word_1_327' title='bbox 1008 1942 1050 1969; x_wconf 89' lang='lat' dir='ltr'>ut</span> <span class='ocrx_word' id='word_1_328' title='bbox 1085 1932 1253 1971; x_wconf 76' lang='lat' dir='ltr'>habitus,</span> <span class='ocrx_word' id='word_1_329' title='bbox 1300 1932 1472 1968; x_wconf 85' lang='lat' dir='ltr'>sciencia</span> <span class='ocrx_word' id='word_1_330' title='bbox 1512 1931 1786 1980; x_wconf 75' lang='lat' dir='ltr'>intelligibilis,</span> 
     </span>
     <span class='ocr_line' id='line_1_90' title="bbox 473 1990 1788 2042; baseline -0.005 -11"><span class='ocrx_word' id='word_1_331' title='bbox 473 2008 536 2031; x_wconf 87' lang='lat' dir='ltr'>ars</span> <span class='ocrx_word' id='word_1_332' title='bbox 569 1995 629 2031; x_wconf 69' lang='lat' dir='ltr'>vel</span> <span class='ocrx_word' id='word_1_333' title='bbox 664 1992 894 2042; x_wconf 85' lang='lat' dir='ltr'>prudencia.</span> <span class='ocrx_word' id='word_1_334' title='bbox 928 1994 976 2027; x_wconf 80' lang='lat' dir='ltr'>Et</span> <span class='ocrx_word' id='word_1_335' title='bbox 1009 1992 1370 2039; x_wconf 86' lang='lat' dir='ltr'>correspondenter</span> <span class='ocrx_word' id='word_1_336' title='bbox 1403 1990 1612 2026; x_wconf 86' lang='lat' dir='ltr'>dicendum</span> <span class='ocrx_word' id='word_1_337' title='bbox 1651 1999 1708 2026; x_wconf 86' lang='lat' dir='ltr'>est</span> <span class='ocrx_word' id='word_1_338' title='bbox 1740 1990 1788 2025; x_wconf 91' lang='lat' dir='ltr'>de</span> 
     </span>
     <span class='ocr_line' id='line_1_91' title="bbox 473 2048 1787 2101; baseline -0.005 -12"><span class='ocrx_word' id='word_1_339' title='bbox 473 2052 681 2101; x_wconf 83' lang='lat' dir='ltr'>speciebus</span> <span class='ocrx_word' id='word_1_340' title='bbox 715 2050 911 2099; x_wconf 72' lang='lat' dir='ltr'>aquisitis,</span> <span class='ocrx_word' id='word_1_341' title='bbox 945 2059 1127 2098; x_wconf 86' lang='lat' dir='ltr'>respectu</span> <span class='ocrx_word' id='word_1_342' title='bbox 1161 2048 1491 2097; x_wconf 83' lang='lat' dir='ltr'>apprehensionis</span> <span class='ocrx_word' id='word_1_343' title='bbox 1526 2048 1787 2096; x_wconf 74' lang='lat' dir='ltr'>incomplexe.</span> 
     </span>
     <span class='ocr_line' id='line_1_92' title="bbox 476 2106 1787 2157; baseline -0.003 -12"><span class='ocrx_word' id='word_1_344' title='bbox 476 2112 593 2157; x_wconf 83' lang='lat' dir='ltr'>Quod</span> <span class='ocrx_word' id='word_1_345' title='bbox 634 2110 664 2146; x_wconf 87' lang='lat' dir='ltr'>si</span> <span class='ocrx_word' id='word_1_346' title='bbox 705 2109 806 2157; x_wconf 84' lang='lat' dir='ltr'>quis.</span> <span class='ocrx_word' id='word_1_347' title='bbox 853 2109 1165 2156; x_wconf 87' lang='lat' dir='ltr'>contemplando</span> <span class='ocrx_word' id='word_1_348' title='bbox 1198 2107 1405 2144; x_wconf 70' lang='lat' dir='ltr'>veritatem</span> <span class='ocrx_word' id='word_1_349' title='bbox 1442 2106 1612 2154; x_wconf 86' lang='lat' dir='ltr'>primam</span> <span class='ocrx_word' id='word_1_350' title='bbox 1649 2118 1787 2142; x_wconf 89' lang='lat' dir='ltr'>secun-</span> 
     </span>
     <span class='ocr_line' id='line_1_93' title="bbox 477 2163 1791 2212; baseline -0.005 -7"><span class='ocrx_word' id='word_1_351' title='bbox 477 2172 570 2206; x_wconf 89' lang='lat' dir='ltr'>dum</span> <span class='ocrx_word' id='word_1_352' title='bbox 625 2180 765 2204; x_wconf 89' lang='lat' dir='ltr'>omnes</span> <span class='ocrx_word' id='word_1_353' title='bbox 819 2166 1000 2203; x_wconf 86' lang='lat' dir='ltr'>raciones</span> <span class='ocrx_word' id='word_1_354' title='bbox 1052 2179 1143 2202; x_wconf 85' lang='lat' dir='ltr'>suas</span> <span class='ocrx_word' id='word_1_355' title='bbox 1197 2165 1386 2201; x_wconf 84' lang='lat' dir='ltr'>causandi</span> <span class='ocrx_word' id='word_1_356' title='bbox 1432 2164 1662 2212; x_wconf 67' lang='lat' dir='ltr'>cognoverit</span> <span class='ocrx_word' id='word_1_357' title='bbox 1706 2163 1791 2199; x_wconf 89' lang='lat' dir='ltr'>sine</span> 
     </span>
     <span class='ocr_line' id='line_1_94' title="bbox 478 2221 1791 2276; baseline -0.005 -13"><span class='ocrx_word' id='word_1_358' title='bbox 478 2226 642 2276; x_wconf 86' lang='lat' dir='ltr'>proprio</span> <span class='ocrx_word' id='word_1_359' title='bbox 675 2227 812 2262; x_wconf 84' lang='lat' dir='ltr'>labore</span> <span class='ocrx_word' id='word_1_360' title='bbox 846 2225 1022 2272; x_wconf 79' lang='lat' dir='ltr'>singulas</span> <span class='ocrx_word' id='word_1_361' title='bbox 1056 2224 1153 2260; x_wconf 84' lang='lat' dir='ltr'>alias</span> <span class='ocrx_word' id='word_1_362' title='bbox 1187 2224 1385 2265; x_wconf 71' lang='lat' dir='ltr'>veritates,</span> <span class='ocrx_word' id='word_1_363' title='bbox 1420 2232 1514 2258; x_wconf 91' lang='lat' dir='ltr'>tunc</span> <span class='ocrx_word' id='word_1_364' title='bbox 1537 2232 1701 2259; x_wconf 72' lang='lat' dir='ltr'>vocatur</span> <span class='ocrx_word' id='word_1_365' title='bbox 1724 2221 1791 2257; x_wconf 90' lang='lat' dir='ltr'>illa</span> 
     </span>
     <span class='ocr_line' id='line_1_95' title="bbox 479 2280 1793 2332; baseline -0.005 -11"><span class='ocrx_word' id='word_1_366' title='bbox 479 2284 629 2322; x_wconf 85' lang='lat' dir='ltr'>noticia</span> <span class='ocrx_word' id='word_1_367' title='bbox 663 2285 769 2332; x_wconf 87' lang='lat' dir='ltr'>apud</span> <span class='ocrx_word' id='word_1_368' title='bbox 802 2283 1012 2330; x_wconf 75' lang='lat' dir='ltr'>theologos</span> <span class='ocrx_word' id='word_1_369' title='bbox 1044 2282 1191 2318; x_wconf 84' lang='lat' dir='ltr'>noticia</span> <span class='ocrx_word' id='word_1_370' title='bbox 1232 2282 1271 2317; x_wconf 88' lang='lat' dir='ltr'>in</span> <span class='ocrx_word' id='word_1_371' title='bbox 1304 2283 1436 2318; x_wconf 70' lang='lat' dir='ltr'>verbo,</span> <span class='ocrx_word' id='word_1_372' title='bbox 1482 2280 1631 2316; x_wconf 88' lang='lat' dir='ltr'>noticia</span> <span class='ocrx_word' id='word_1_373' title='bbox 1665 2289 1793 2315; x_wconf 83' lang='lat' dir='ltr'>matu-</span> 
     </span>
    </p>
   </div>
   <div class='ocr_carea' id='block_1_14' title="bbox 479 2336 1824 2385">
    <p class='ocr_par' dir='ltr' id='par_1_22' title="bbox 479 2336 1824 2385">
     <span class='ocr_line' id='line_1_96' title="bbox 479 2336 1824 2385; baseline -0.005 -5"><span class='ocrx_word' id='word_1_374' title='bbox 479 2344 561 2380; x_wconf 90' lang='lat' dir='ltr'>tina</span> <span class='ocrx_word' id='word_1_375' title='bbox 610 2343 668 2378; x_wconf 76' lang='lat' dir='ltr'>vel</span> <span class='ocrx_word' id='word_1_376' title='bbox 703 2341 937 2385; x_wconf 74' lang='lat' dir='ltr'>meridiana,</span> <span class='ocrx_word' id='word_1_377' title='bbox 978 2340 1126 2376; x_wconf 85' lang='lat' dir='ltr'>noticia</span> <span class='ocrx_word' id='word_1_378' title='bbox 1160 2339 1311 2376; x_wconf 85' lang='lat' dir='ltr'>facialis</span> <span class='ocrx_word' id='word_1_379' title='bbox 1351 2340 1409 2374; x_wconf 72' lang='lat' dir='ltr'>vel</span> <span class='ocrx_word' id='word_1_380' title='bbox 1449 2338 1631 2374; x_wconf 67' lang='lat' dir='ltr'>intuitiva</span> <span class='ocrx_word' id='word_1_381' title='bbox 1672 2336 1824 2374; x_wconf 51' lang='lat' dir='ltr'>chasab*</span> 
     </span>
    </p>
   </div>
   <div class='ocr_carea' id='block_1_15' title="bbox 481 2396 1794 2616">
    <p class='ocr_par' dir='ltr' id='par_1_23' title="bbox 481 2396 1793 2445">
     <span class='ocr_line' id='line_1_97' title="bbox 481 2396 1793 2445; baseline -0.005 -8"><span class='ocrx_word' id='word_1_382' title='bbox 481 2404 528 2438; x_wconf 83' lang='lat' dir='ltr'>Et</span> <span class='ocrx_word' id='word_1_383' title='bbox 569 2401 635 2437; x_wconf 89' lang='lat' dir='ltr'>illa</span> <span class='ocrx_word' id='word_1_384' title='bbox 673 2413 752 2436; x_wconf 93' lang='lat' dir='ltr'>non</span> <span class='ocrx_word' id='word_1_385' title='bbox 793 2408 849 2435; x_wconf 86' lang='lat' dir='ltr'>est</span> <span class='ocrx_word' id='word_1_386' title='bbox 890 2411 950 2434; x_wconf 90' lang='lat' dir='ltr'>res</span> <span class='ocrx_word' id='word_1_387' title='bbox 995 2399 1191 2442; x_wconf 79' lang='lat' dir='ltr'>absoluta,</span> <span class='ocrx_word' id='word_1_388' title='bbox 1236 2398 1304 2433; x_wconf 87' lang='lat' dir='ltr'>sed</span> <span class='ocrx_word' id='word_1_389' title='bbox 1344 2397 1456 2445; x_wconf 87' lang='lat' dir='ltr'>ponit</span> <span class='ocrx_word' id='word_1_390' title='bbox 1496 2396 1672 2432; x_wconf 86' lang='lat' dir='ltr'>animam</span> <span class='ocrx_word' id='word_1_391' title='bbox 1712 2409 1793 2431; x_wconf 90' lang='lat' dir='ltr'>non</span> 
     </span>
    </p>

    <p class='ocr_par' dir='ltr' id='par_1_24' title="bbox 482 2453 1794 2505">
     <span class='ocr_line' id='line_1_98' title="bbox 482 2453 1794 2505; baseline -0.006 -9"><span class='ocrx_word' id='word_1_392' title='bbox 482 2469 665 2496; x_wconf 74' lang='lat' dir='ltr'>extranee</span> <span class='ocrx_word' id='word_1_393' title='bbox 710 2457 961 2505; x_wconf 84' lang='lat' dir='ltr'>impeditam,</span> <span class='ocrx_word' id='word_1_394' title='bbox 1007 2457 1206 2492; x_wconf 88' lang='lat' dir='ltr'>tendendo</span> <span class='ocrx_word' id='word_1_395' title='bbox 1252 2456 1290 2491; x_wconf 88' lang='lat' dir='ltr'>in</span> <span class='ocrx_word' id='word_1_396' title='bbox 1335 2457 1468 2501; x_wconf 84' lang='lat' dir='ltr'>deum,</span> <span class='ocrx_word' id='word_1_397' title='bbox 1517 2453 1700 2490; x_wconf 86' lang='lat' dir='ltr'>inclinari</span> <span class='ocrx_word' id='word_1_398' title='bbox 1746 2454 1794 2489; x_wconf 91' lang='lat' dir='ltr'>ab</span> 
     </span>
    </p>

    <p class='ocr_par' dir='ltr' id='par_1_25' title="bbox 483 2512 1794 2616">
     <span class='ocr_line' id='line_1_99' title="bbox 483 2512 1732 2566; baseline -0.005 -13"><span class='ocrx_word' id='word_1_399' title='bbox 483 2518 568 2566; x_wconf 85' lang='lat' dir='ltr'>ipso</span> <span class='ocrx_word' id='word_1_400' title='bbox 602 2518 650 2560; x_wconf 84' lang='lat' dir='ltr'>ad</span> <span class='ocrx_word' id='word_1_401' title='bbox 684 2515 816 2552; x_wconf 87' lang='lat' dir='ltr'>taliter</span> <span class='ocrx_word' id='word_1_402' title='bbox 849 2515 954 2551; x_wconf 84' lang='lat' dir='ltr'>clare</span> <span class='ocrx_word' id='word_1_403' title='bbox 987 2516 1234 2551; x_wconf 85' lang='lat' dir='ltr'>noscendum</span> <span class='ocrx_word' id='word_1_404' title='bbox 1270 2512 1499 2550; x_wconf 85' lang='lat' dir='ltr'>huiusmodi</span> <span class='ocrx_word' id='word_1_405' title='bbox 1532 2512 1732 2548; x_wconf 81' lang='lat' dir='ltr'>veritates.</span> 
     </span>
     <span class='ocr_line' id='line_1_100' title="bbox 540 2571 1794 2616; baseline -0.007 -4"><span class='ocrx_word' id='word_1_406' title='bbox 540 2577 683 2612; x_wconf 83' lang='lat' dir='ltr'>Utrum</span> <span class='ocrx_word' id='word_1_407' title='bbox 730 2583 861 2610; x_wconf 87' lang='lat' dir='ltr'>autem</span> <span class='ocrx_word' id='word_1_408' title='bbox 912 2573 1047 2609; x_wconf 85' lang='lat' dir='ltr'>anima</span> <span class='ocrx_word' id='word_1_409' title='bbox 1088 2573 1231 2608; x_wconf 84' lang='lat' dir='ltr'>habeat</span> <span class='ocrx_word' id='word_1_410' title='bbox 1271 2580 1328 2607; x_wconf 89' lang='lat' dir='ltr'>tot</span> <span class='ocrx_word' id='word_1_411' title='bbox 1368 2571 1525 2607; x_wconf 83' lang='lat' dir='ltr'>habitus</span> <span class='ocrx_word' id='word_1_412' title='bbox 1560 2581 1794 2616; x_wconf 85' lang='lat' dir='ltr'>correspon-</span> 
     </span>
    </p>
   </div>
   <div class='ocr_carea' id='block_1_16' title="bbox 1805 2046 1846 2077">
    <p class='ocr_par' dir='ltr' id='par_1_26' title="bbox 1805 2046 1846 2077">
     <span class='ocr_line' id='line_1_101' title="bbox 1805 2046 1846 2077; baseline -0.073 0"><span class='ocrx_word' id='word_1_413' title='bbox 1805 2046 1846 2077; x_wconf 68' lang='lat' dir='ltr'>&#39;a&#39;o</span> 
     </span>
    </p>
   </div>
   <div class='ocr_carea' id='block_1_17' title="bbox 228 2629 1853 2676">
    <p class='ocr_par' dir='ltr' id='par_1_27' title="bbox 228 2629 1853 2676">
     <span class='ocr_line' id='line_1_102' title="bbox 228 2629 1853 2676; baseline -0.006 -6"><span class='ocrx_word' id='word_1_414' title='bbox 228 2630 382 2663; x_wconf 61' lang='lat' dir='ltr'>however,</span> <span class='ocrx_word' id='word_1_415' title='bbox 405 2634 439 2659; x_wconf 54' lang='grc' dir='ltr'>Μ’</span> <span class='ocrx_word' id='word_1_416' title='bbox 484 2635 633 2674; x_wconf 75' lang='lat' dir='ltr'>dentes,</span> <span class='ocrx_word' id='word_1_417' title='bbox 675 2632 882 2668; x_wconf 87' lang='lat' dir='ltr'>dubitatur</span> <span class='ocrx_word' id='word_1_418' title='bbox 915 2645 936 2667; x_wconf 85' lang='lat' dir='ltr'>a</span> <span class='ocrx_word' id='word_1_419' title='bbox 976 2630 1122 2667; x_wconf 89' lang='lat' dir='ltr'>multis.</span> <span class='ocrx_word' id='word_1_420' title='bbox 1169 2632 1215 2666; x_wconf 81' lang='lat' dir='ltr'>Et</span> <span class='ocrx_word' id='word_1_421' title='bbox 1254 2630 1409 2665; x_wconf 82' lang='lat' dir='ltr'>videtur</span> <span class='ocrx_word' id='word_1_422' title='bbox 1442 2629 1549 2676; x_wconf 88' lang='lat' dir='ltr'>quod</span> <span class='ocrx_word' id='word_1_423' title='bbox 1583 2640 1675 2667; x_wconf 82' lang='lat' dir='ltr'>non,</span> <span class='ocrx_word' id='word_1_424' title='bbox 1709 2635 1793 2662; x_wconf 90' lang='lat' dir='ltr'>tum</span> <span class='ocrx_word' id='word_1_425' title='bbox 1809 2634 1853 2664; x_wconf 68' lang='lat'>40</span> 
     </span>
    </p>
   </div>
   <div class='ocr_carea' id='block_1_18' title="bbox 200 2668 462 2772">
    <p class='ocr_par' dir='ltr' id='par_1_28' title="bbox 200 2668 462 2772">
     <span class='ocr_line' id='line_1_103' title="bbox 200 2668 462 2696; baseline -0.008 0"><span class='ocrx_word' id='word_1_426' title='bbox 200 2669 308 2696; x_wconf 81' lang='lat' dir='ltr'>denied</span> <span class='ocrx_word' id='word_1_427' title='bbox 330 2668 393 2694; x_wconf 83' lang='lat' dir='ltr'>that</span> <span class='ocrx_word' id='word_1_428' title='bbox 413 2668 462 2694; x_wconf 79' lang='lat' dir='ltr'>llic</span> 
     </span>
     <span class='ocr_line' id='line_1_104' title="bbox 244 2703 421 2730; baseline -0.011 0"><span class='ocrx_word' id='word_1_429' title='bbox 244 2703 308 2730; x_wconf 81' lang='lat' dir='ltr'>soul</span> <span class='ocrx_word' id='word_1_430' title='bbox 332 2703 386 2729; x_wconf 82' lang='lat' dir='ltr'>lias</span> <span class='ocrx_word' id='word_1_431' title='bbox 407 2710 421 2728; x_wconf 90' lang='lat' dir='ltr'>a</span> 
     </span>
     <span class='ocr_line' id='line_1_105' title="bbox 265 2742 404 2772; baseline 0 -8"><span class='ocrx_word' id='word_1_432' title='bbox 265 2742 404 2772; x_wconf 75' lang='lat' dir='ltr'>separate</span> 
     </span>
    </p>
   </div>
   <div class='ocr_carea' id='block_1_19' title="bbox 484 2684 1795 2739">
    <p class='ocr_par' dir='ltr' id='par_1_29' title="bbox 484 2684 1795 2739">
     <span class='ocr_line' id='line_1_106' title="bbox 484 2684 1795 2739; baseline -0.006 -12"><span class='ocrx_word' id='word_1_433' title='bbox 484 2692 576 2739; x_wconf 83' lang='lat' dir='ltr'>quia</span> <span class='ocrx_word' id='word_1_434' title='bbox 626 2700 719 2726; x_wconf 88' lang='lat' dir='ltr'>tunc</span> <span class='ocrx_word' id='word_1_435' title='bbox 759 2689 961 2725; x_wconf 78' lang='lat' dir='ltr'>inlinitum</span> <span class='ocrx_word' id='word_1_436' title='bbox 1005 2689 1264 2737; x_wconf 79' lang='lat' dir='ltr'>perficeretur</span> <span class='ocrx_word' id='word_1_437' title='bbox 1303 2700 1372 2735; x_wconf 85' lang='lat' dir='ltr'>per</span> <span class='ocrx_word' id='word_1_438' title='bbox 1413 2686 1589 2722; x_wconf 79' lang='lat' dir='ltr'>infinitos</span> <span class='ocrx_word' id='word_1_439' title='bbox 1622 2684 1795 2729; x_wconf 79' lang='lat' dir='ltr'>habitus⁷</span> 
     </span>
    </p>
   </div>
   <div class='ocr_carea' id='block_1_20' title="bbox 560 2807 1129 2850">
    <p class='ocr_par' dir='ltr' id='par_1_30' title="bbox 560 2807 1129 2850">
     <span class='ocr_line' id='line_1_107' title="bbox 560 2807 1129 2850; baseline -0.007 -9"><span class='ocrx_word' id='word_1_440' title='bbox 560 2823 600 2847; x_wconf 66' lang='grc' dir='ltr'>η.</span> <span class='ocrx_word' id='word_1_441' title='bbox 624 2807 747 2850; x_wconf 62' lang='grc' dir='ltr'>ᾖροάἰιιι</span> <span class='ocrx_word' id='word_1_442' title='bbox 769 2814 807 2845; x_wconf 67' lang='grc' dir='ltr'>13ς</span> <span class='ocrx_word' id='word_1_443' title='bbox 828 2813 865 2839; x_wconf 66' lang='lat' dir='ltr'>ib.</span> <span class='ocrx_word' id='word_1_444' title='bbox 887 2817 918 2839; x_wconf 92' lang='lat' dir='ltr'>ut</span> <span class='ocrx_word' id='word_1_445' title='bbox 937 2820 996 2846; x_wconf 74' lang='lat' dir='ltr'>pro</span> <span class='ocrx_word' id='word_1_446' title='bbox 1019 2820 1073 2838; x_wconf 85' lang='lat' dir='ltr'>nec</span> <span class='ocrx_word' id='word_1_447' title='bbox 1097 2811 1129 2838; x_wconf 72' lang='lat' dir='ltr'>B.</span> 
     </span>
    </p>
   </div>
   <div class='ocr_carea' id='block_1_21' title="bbox 555 2877 1786 2922">
    <p class='ocr_par' dir='ltr' id='par_1_31' title="bbox 555 2877 1786 2922">
     <span class='ocr_line' id='line_1_108' title="bbox 555 2877 1786 2922; baseline -0.007 -4"><span class='ocrx_word' id='word_1_448' title='bbox 555 2887 608 2920; x_wconf 75' lang='lat'>35.</span> <span class='ocrx_word' id='word_1_449' title='bbox 636 2885 804 2918; x_wconf 69' lang='lat' dir='ltr'>Facialis.</span> <span class='ocrx_word' id='word_1_450' title='bbox 834 2885 923 2916; x_wconf 79' lang='lat' dir='ltr'>Face</span> <span class='ocrx_word' id='word_1_451' title='bbox 942 2891 976 2915; x_wconf 85' lang='lat' dir='ltr'>to</span> <span class='ocrx_word' id='word_1_452' title='bbox 1004 2884 1087 2915; x_wconf 81' lang='lat' dir='ltr'>face.</span> <span class='ocrx_word' id='word_1_453' title='bbox 1111 2883 1221 2914; x_wconf 80' lang='lat' dir='ltr'>“Now</span> <span class='ocrx_word' id='word_1_454' title='bbox 1239 2892 1289 2913; x_wconf 77' lang='lat' dir='ltr'>we</span> <span class='ocrx_word' id='word_1_455' title='bbox 1305 2892 1362 2913; x_wconf 83' lang='lat' dir='ltr'>sec</span> <span class='ocrx_word' id='word_1_456' title='bbox 1381 2881 1466 2912; x_wconf 86' lang='lat' dir='ltr'>asin</span> <span class='ocrx_word' id='word_1_457' title='bbox 1486 2890 1503 2911; x_wconf 86' lang='lat' dir='ltr'>a</span> <span class='ocrx_word' id='word_1_458' title='bbox 1521 2880 1625 2922; x_wconf 81' lang='lat' dir='ltr'>glass,</span> <span class='ocrx_word' id='word_1_459' title='bbox 1645 2877 1786 2920; x_wconf 70' lang='lat' dir='ltr'>darkly.&#39;</span> 
     </span>
    </p>
   </div>
  </div>
 </body>
</html>
