2007 3364
149 261 221 298 1¹30

186 385 317 420 equality
341 386 371 410 ot

193 421 258 446 that
277 420 364 452 thing

202 455 302 481 which
324 454 349 479 is

200 497 357 516 common.

142 606 240 641 Every
274 612 366 631 owen*
386 604 411 630 is

154 641 249 667 limite
293 640 330 675 by
352 639 400 665 the

162 680 277 702 utmost
297 676 361 701 that
382 674 406 700 is

161 710 296 745 possible
316 714 345 735 to
366 708 401 742 ᾖς

148 746 207 772 and
228 745 289 771 this
310 744 335 771 is
356 748 407 769 not

177 780 248 815 only
269 785 334 806 true
355 778 389 804 of

161 815 260 841 active
281 821 395 849 power.

175 850 226 876 but
246 849 279 875 ot*
297 856 387 882 ever)v

224 888 288 910 sort
308 883 342 910 of

179 919 380 953 [ποῐεηῖἰῃῆῐγ.

207 1245 253 1271 All
276 1244 359 1270 there

166 1278 296 1314 procced
319 1280 398 1305 troni

158 1315 208 1341 the
230 1314 294 1340 first
315 1313 411 1339 active

163 1357 278 1384 power,
305 1348 406 1374 which

163 1386 188 1411 is
211 1384 316 1419 purely
336 1384 406 1416 Act,

170 1419 227 1445 and
250 1419 299 1445 the
320 1422 395 1444 term

145 1457 175 1480 ot
191 1454 301 1480 Divino
317 1460 423 1487 power

163 1497 188 1515 is
210 1489 259 1515 the
281 1487 359 1514 limit
379 1487 413 1513 01⁴

235 1523 331 1549 actual

191 1557 376 1593 possibility.

156 1651 244 1678 Thus
264 1658 310 1676 we
331 1654 413 1676 must

216 1686 245 1712 in
267 1693 358 1719 every

184 1719 379 1755 proposition

154 1763 347 1790 presuppose
368 1755 417 1780 the

175 1797 280 1823 power
300 1789 334 1816 ot'
351 1789 399 1815 the

180 1825 261 1852 First
283 1824 396 1858 Entity.

182 1860 199 1887 'l
213 1861 288 1886 hose
309 1859 380 1885 who

169 1894 286 1922 sustain
307 1894 371 1920 that
392 1901 406 1919 a

219 1929 356 1962 negative

188 1964 382 2000 proposition

205 2004 316 2027 cannot
338 1998 372 2024 be

183 2033 309 2062 absurd,
333 2038 385 2067 put

232 2069 342 2102 logical

192 2103 383 2138 potentiality

167 2139 269 2166 before
292 2137 401 2164 Dixine

166 2175 288 2200 Power:
310 2177 339 2198 at
360 2174 408 2198 the

152 2217 235 2235 same
256 2209 328 2234 time
349 2208 418 2242 they

222 2245 284 2269 lose
306 2242 355 2268 the

153 2278 297 2311 meaning
318 2277 351 2302 ot
369 2277 418 2302 the

242 2311 338 2338 word.

162 2347 260 2374 God's
283 2347 372 2378 being
393 2347 418 2372 is

205 2383 369 2417 absolutely

198 2425 373 2451 necessary.

205 2452 233 2478 It'
252 2451 319 2478 God
343 2453 368 2478 is

188 2487 334 2521 possible,
356 2486 399 2513 He

237 2521 341 2547 exists.

205 2556 262 2582 But
284 2556 383 2582 Godiz

189 2591 341 2617 existence
362 2591 387 2617 is

215 2626 366 2661 possiblc;

869 266 1092 298 JOHANNIS
1119 263 1304 298 WYCLlF
1565 259 1657 289 CAP-
1678 259 1744 288 VII-

431 385 467 412 et
506 375 561 411 sic
608 375 748 423 equale
802 375 862 409 vel
913 374 1111 422 inequale,
1166 385 1242 421 que
1296 371 1458 420 proprie
1511 378 1747 419 competunt

431 433 659 482 quantitati,
713 440 1020 468 transumuntur
1052 433 1102 467 ad
1149 430 1493 467 denominandurn
1528 441 1748 477 quemcun-

432 505 508 540 que
538 504 737 527 excessum
763 490 822 525 vel
845 489 1060 537 paritatem
1085 489 1124 524 in
1148 500 1388 537 quacunque
1412 487 1748 523 denominacione

432 551 639 598 signanda.

492 610 539 643 Et
585 607 677 642 hinc
730 605 876 641 dicitur
909 606 1015 653 quod
1063 605 1238 652 quelibet
1286 603 1475 651 potencia
1508 602 1750 638 terminatur

435 665 673 702 affirmative
718 665 778 700 vel
823 663 1006 711 negative
1052 663 1224 699 maximo
1258 663 1316 698 vel
1351 661 1520 697 minimo
1553 660 1592 695 in
1641 661 1749 708 quod

436 732 581 771 potest,
626 735 698 758 nec
743 722 873 758 solum
920 720 1176 768 restringitur
1208 719 1397 768 potencia
1436 720 1485 755 ad
1518 718 1748 766 potenciam

435 782 621 825 activam,
656 792 731 828 que
765 789 822 816 est
855 779 1040 816 accidens
1081 780 1128 815 de
1163 781 1205 814 2³
1244 778 1375 826 specie
1408 776 1627 825 qualitatis,
1682 776 1751 811 sed

436 839 658 887 ampliatur
687 839 736 874 ad
765 850 884 874 omne
914 850 1028 886 posse
1056 837 1230 885 logicum
1262 844 1445 883 respectu
1478 834 1751 882 cuiuscunque

435 896 781 934 denominacionis
804 895 1072 944 predicabilis,
1098 908 1234 943 ymmo
1264 903 1446 942 respectu
1476 893 1751 940 cuiuscunque

434 955 535 992 entis
575 954 787 1003 possibilis,
823 953 1049 990 cuiusmodi
1083 962 1174 989 sunt
1207 953 1305 989 tales
1329 951 1514 1000 potencie
1547 964 1638 987 cum
1672 949 1752 986 suis

435 1013 652 1050 contentis:
683 1025 799 1061 posse
831 1024 916 1048 esse
949 1011 1238 1055 substanciam,
1284 1023 1399 1058 posse
1438 1021 1522 1046 esse
1554 1017 1750 1057 quantum

436 1072 604 1108 discrete
649 1071 710 1107 vel
743 1070 944 1114 continue,
985 1082 1101 1118 posse
1141 1080 1224 1105 esse
1257 1069 1389 1116 quale,
1431 1079 1549 1117 posse
1587 1079 1669 1103 esse
1703 1067 1752 1102 ad

436 1129 603 1177 aliquid,
638 1141 758 1176 agens
790 1128 851 1164 vel
884 1127 1066 1175 paciens,
1102 1136 1138 1163 et
1170 1126 1226 1162 sic
1260 1127 1308 1162 de
1340 1125 1536 1173 potenciis
1570 1133 1753 1172 respectu

438 1187 727 1235 privacionum,
787 1184 1084 1234 potenciarum,
1149 1183 1478 1232 pretericionum,
1545 1182 1753 1219 futuricio-

439 1259 548 1291 num,
585 1254 621 1281 et
656 1244 938 1292 negacionum.
984 1245 1134 1280 Omnes
1168 1255 1260 1290 ergo
1293 1242 1391 1278 tales
1437 1241 1621 1289 potencie
1661 1253 1755 1288 pro-

440 1306 587 1340 cedunt
619 1316 641 1339 a
674 1303 805 1351 prima
839 1302 1037 1350 potencia,
1074 1314 1151 1349 que
1174 1300 1230 1337 sic
1265 1309 1322 1336 est
1355 1308 1467 1336 actus
1499 1312 1623 1347 purus
1648 1299 1753 1347 quod

439 1362 513 1398 sibi
551 1374 632 1398 non
684 1361 785 1397 inest
836 1360 1023 1408 potencia
1064 1368 1247 1407 respectu
1292 1371 1360 1394 sue
1406 1356 1754 1394 denominacionis

439 1421 636 1466 absolute,
671 1418 746 1455 nisi
780 1431 901 1466 quam
927 1419 1047 1454 habet
1076 1416 1079 1466 Ι
1109 1416 1336 1454 necessario
1360 1415 1570 1452 actualiter
1603 1424 1756 1451 coeter-

437 1491 550 1523 nam3
586 1486 622 1514 et
655 1478 758 1523 ideo,
794 1489 884 1513 cum
918 1489 1036 1512 omne
1069 1488 1180 1524 posse
1209 1474 1362 1511 causati
1396 1473 1577 1522 procedit
1610 1474 1658 1509 ab
1689 1472 1756 1508 illa

437 1536 623 1584 potencia
657 1548 733 1584 que
779 1544 837 1571 est
869 1543 995 1575 actus,
1043 1542 1173 1582 potest
1220 1533 1297 1569 dici
1332 1533 1439 1581 quod
1478 1531 1646 1580 quilibet
1679 1539 1756 1567 ter-

439 1595 570 1630 minus
615 1594 783 1630 alicuius
830 1593 1016 1641 potencie
1059 1591 1250 1628 terminat
1294 1590 1521 1639 potenciam
1571 1589 1755 1626 activam.

496 1655 550 1688 Ex
583 1652 658 1688 isto
692 1660 800 1699 patet
839 1652 946 1699 quod
991 1650 1122 1687 omnis
1155 1649 1343 1697 potencia
1386 1648 1518 1696 logica
1550 1648 1609 1684 vel
1642 1656 1757 1683 natu-

440 1710 532 1747 ralis
566 1709 832 1757 presupponit
856 1709 1084 1756 potenciam
1110 1707 1229 1756 primi
1263 1717 1389 1743 actus.
1424 1706 1464 1743 Si
1496 1705 1601 1742 enim
1627 1713 1757 1753 potest

439 1781 523 1804 esse
570 1770 677 1816 quod
722 1766 845 1803 nichil
879 1767 927 1803 sit
962 1768 1010 1803 ab
1043 1766 1119 1803 alia
1154 1765 1353 1813 potencia,
1399 1773 1530 1812 potest
1569 1763 1625 1799 sic
1659 1775 1755 1799 esse.

440 1827 566 1862 Aliter
590 1826 694 1862 enim
720 1838 800 1861 non
825 1825 1000 1873 quelibet
1024 1823 1265 1860 affirmativa
1291 1832 1457 1871 poneret
1487 1821 1755 1869 significatum

441 1885 500 1920 sui
534 1884 663 1929 verbi3
703 1884 804 1920 sicut
837 1883 1106 1919 fantasiantur
1138 1882 1194 1917 illi
1228 1882 1295 1930 qui
1329 1881 1465 1918 dicunt
1503 1880 1612 1928 quod
1649 1879 1758 1915 nulla

441 1943 625 1991 negativa
659 1941 828 1978 includit
868 1940 1199 1989 repugnanciam.
1264 1939 1340 1987 lpsi
1382 1939 1488 1975 enim
1529 1945 1759 1986 preponunt

438 2014 554 2050 posse
586 2000 759 2048 logicum
790 2012 906 2048 posse
938 1999 1020 2041 dei;
1062 2000 1131 2034 sed
1170 1998 1353 2034 nesciunt
1388 1996 1611 2045 exprimere
1647 1994 1759 2043 quid-

443 2059 608 2095 ditatem
656 2058 760 2094 illius
806 2057 1003 2105 potencie,
1057 2057 1159 2093 sicut
1212 2068 1284 2092 nec
1318 2055 1448 2091 sciunt
1492 2054 1607 2090 huius
1652 2052 1791 2089 verbi?

439 2125 565 2166 potest
599 2116 943 2164 significacionem
979 2116 1198 2151 declarare.

501 2177 688 2211 Secundo
721 2183 830 2221 patet
878 2175 986 2221 quod
1021 2174 1203 2209 absolute
1238 2171 1509 2208 necessarium
1548 2179 1604 2205 est
1639 2170 1757 2204 deum

444 2246 548 2275 esse;
583 2246 628 2269 eo
663 2234 783 2280 quod,
818 2232 849 2268 si
884 2231 1114 2278 aliqualiter
1148 2239 1277 2278 potest
1312 2242 1409 2275 esse,
1452 2230 1548 2264 deus
1582 2237 1658 2266 est:
1692 2227 1759 2261 sed

443 2293 624 2327 absolute
669 2290 895 2326 necessario
940 2289 1168 2337 aliqualiter
1202 2297 1331 2336 potest
1374 2300 1475 2333 esseg
1530 2285 1652 2333 igitur
1685 2294 1759 2320 etc.

444 2350 572 2385 Maior
608 2358 715 2396 patet
749 2361 790 2384 ex
824 2358 918 2383 nota
942 2347 1145 2395 proxima;
1181 2347 1310 2382 minor
1335 2354 1442 2393 patet
1468 2357 1537 2392 per
1561 2345 1760 2379 deducens

444 2409 493 2443 ad
528 2407 786 2455 impossibile.
834 2406 873 2441 Si
921 2406 1023 2441 enim
1061 2414 1190 2453 potest
1224 2417 1307 2440 esse
1341 2404 1449 2451 quod
1492 2415 1573 2438 non
1608 2401 1761 2449 aliqua-

444 2465 534 2501 liter
568 2474 698 2513 potest
734 2467 843 2511 [pessel
892 2473 985 2499 tunc
1032 2472 1162 2511 potest
1196 2475 1279 2498 esse
1320 2462 1426 2510 quod
1468 2460 1591 2496 nichil
1632 2467 1761 2506 potest

446 2536 555 2563 esse:
613 2532 649 2559 et
710 2536 800 2558 cum
854 2522 959 2557 iuxta
1015 2521 1249 2569 opinionem
1311 2519 1434 2555 nichil
1487 2526 1615 2565 potest
1679 2528 1762 2551 esse

516 2724 557 2750 ¹27v
587 2708 737 2743 tantasiav
768 2715 800 2741 P..
911 2713 953 2749 35
976 2722 1041 2740 esse
1063 2714 1147 2739 deest
1170 2713 1200 2739 l'1.

522 2812 568 2843 ¹0*
614 2802 719 2831 From
757 2799 813 2830 the
852 2799 1041 2840 beginning
1073 2797 1113 2828 os
1142 2797 1162 2827 f.
1192 2799 1250 2837 71a
1276 2795 1371 2826 there
1410 2796 1437 2826 is
1472 2794 1618 2825 another
1656 2793 1760 2831 hand,

447 2848 548 2878 much
570 2858 666 2878 more
694 2847 856 2887 crainped
877 2846 957 2875 than
984 2845 1041 2875 the
1069 2844 1205 2882 former,
1233 2853 1278 2883 up
1305 2850 1340 2872 to
1369 2842 1383 2872 t*
1417 2839 1489 2873 82¹¹.
1519 2841 1615 2872 After
1634 2840 1759 2877 which,

447 2895 511 2924 and
541 2894 624 2925 until
653 2894 671 2923 tl
707 2896 791 2929 ΜΤ,
820 2892 914 2922 there
942 2892 968 2922 is
996 2891 1094 2932 again
1123 2888 1278 2921 another.

1773 906 1810 926 lO

1776 1185 1810 1217 15
